1672 3174
63 264 262 293 fl-——···-=

286 158 416 229 '396
558 152 653 211 IN
716 151 1346 211 APPENDICEM

292 255 617 314 monumenti,
648 250 775 318 quod
801 248 996 315 posuere
1025 250 1096 299 M.
1114 253 1306 301 Aurelio
1331 248 1588 300 Antonino'

67 327 267 372 A.U.C.
295 323 477 387 optimo
532 327 576 369 &
620 318 1013 383 indulgentissimo
1060 317 1267 385 Principi
1309 335 1474 369 PVERI
1520 333 1584 366 ET

120 404 232 456 856.

295 404 526 438 PVELLAE
565 400 904 434 ALIMENTARI
945 401 1320 435 FICOLENSIVM.
1373 387 1425 434 Si
1461 388 1586 432 inte-

113 487 154 528 3·
189 486 239 530 C·
295 472 429 523 gram
451 454 648 503 volueris
669 449 1024 518 Inscriptionem
1042 452 1117 500 adi
1138 453 1214 501 Cl.
1230 453 1506 518 Capinartin
1529 450 1588 498 de
1626 482 1647 497 -,

295 522 500 587 Chaupy
523 559 534 581 ‚
572 517 858 568 De'couverte
891 518 945 568 de
978 519 1023 568 la
1049 517 1230 584 Maifhn
1254 518 1307 567 de
1331 533 1588 584 campagne

118 570 236 619 ³03⁶
294 588 545 650 d'Horace‚
564 585 708 634 Tom.
724 585 790 633 III
807 625 819 647 ‚
835 604 947 653 pag.
963 604 1016 647 25
1031 590 1073 633 8.
1094 586 1359 634 Alexander
1377 586 1588 645 Severus,

292 656 398 723 post
435 653 698 717 Trajanum
734 652 956 720 Princeps
1000 655 1226 701 maximus
1261 660 1306 700 &
1345 654 1548 718 optimus
1576 689 1592 710 ,

287 720 471 786 puellas
497 719 547 770 ἰν
565 735 729 783 pueros
743 759 758 782 ‚
776 718 1148 785 quemadmodum
1161 718 1430 769 Antoninus
1449 716 1588 782 Faus-

291 788 501 838 tinianas
515 786 771 855 instituerat
786 825 803 846 ,
821 787 1162 836 Mammaeanas
1186 785 1236 837 Cr
1254 785 1590 835 Mammaeanos

291 854 491 922 instituit
529 856 577 902 in
613 852 845 901 honorem
883 853 1093 903 Mamaeae
1115 892 1130 915 ‚
1162 855 1320 902 matris
1355 851 1440 901 suae
1460 891 1475 912 ‚
1507 849 1590 899 fe-

292 925 432 972 minae
457 920 783 971 laudatiffimae.
817 920 1064 987 Lamprid.
1083 924 1131 969 in
1154 919 1409 969 Alexandr.
1431 919 1588 967 Sever-

294 1007 399 1055 cap.
428 1004 504 1049 57.
542 987 648 1036 Nec
674 987 912 1053 Principes
945 987 1122 1037 tantum
1146 1026 1159 1050 ,
1195 987 1271 1035 sed
1305 993 1349 1034 &
1381 988 1588 1051 privatos

293 1058 489 1123 egregio
530 1056 834 1103 aemulationis
867 1055 1015 1104 studio
1059 1055 1363 1103 inflammavit
1390 1052 1590 1111 Traiani

296 1124 582 1189 exemplum.
622 1121 799 1170 Plinius
821 1160 833 1182 ,
867 1138 916 1171 ut
943 1124 1157 1171 concives
1185 1120 1287 1169 suos
1310 1116 1592 1179 Comenses,

294 1208 423 1238 nunc
463 1188 599 1239 Come
623 1227 639 1249 ,
678 1190 886 1252 juvaret,
926 1207 1091 1257 agrum
1124 1207 1179 1237 ex
1210 1187 1294 1237 suis
1320 1226 1333 1247 ,
1375 1186 1592 1252 veciigali

294 1255 515 1323 imposito
535 1296 547 1318 ‚
578 1256 833 1324 obligavit,
866 1258 1038 1305 tricena
1057 1257 1231 1317 millia,
1264 1253 1458 1302 Gallicae
1480 1271 1592 1304 mov.

295 1341 414 1373 netae
442 1324 578 1372 libras
610 1326 732 1387 5835
770 1341 927 1372 annua
965 1323 1147 1373 daturus
1182 1323 1231 1372 in
1269 1318 1488 1371 alimenta
1517 1319 1593 1376 in<

290 1407 562 1461 genuorum.
593 1389 714 1438 Plin.
747 1389 838 1456 Ep.
858 1389 988 1451 VII,
1031 1394 1105 1440 18.

368 1457 719 1524 Hisiexplicatis
741 1496 753 1518 ‚
784 1458 982 1524 superest
1006 1475 1053 1507 ut
1076 1475 1250 1506 aeneam
1271 1455 1474 1505 tabulam
1491 1453 1595 1506 Vc*

296 1525 534 1585 leiatium,
577 1542 677 1590 quae
713 1527 763 1573 in
805 1525 1000 1573 collibus
1034 1525 1310 1573 Placentinis
1338 1563 1350 1583 ,
1390 1524 1593 1571 06ὶῆνο-

298 1592 484 1640 decimo
505 1593 691 1640 milliari
707 1593 762 1639 ab
784 1591 895 1640 urbe
907 1591 1141 1641 Placentia
1158 1632 1170 1652 ,
1191 1608 1315 1639 nunc
1329 1588 1597 1654 Plaisance,·

297 1661 350 1709 in
378 1659 484 1708 villa
510 1657 788 1725 Macineffi),
817 1659 976 1724 paullo
1004 1659 1138 1726 supra
1159 1656 1460 1725 Fiorenzuola
1480 1696 1494 1718 ,
1526 1674 1594 1706 re-

299 1725 463 1774 feram.
524 1725 590 1774 At
625 1724 732 1774 cum
769 1726 867 1774 haec
898 1723 1141 1793 Inscriptio
1180 1724 1257 1774 sua
1288 1723 1592 1791 amplitudine

299 1793 516 1841 ordinem
550 1791 786 1841 Notarum
819 1796 956 1841 nimis
987 1794 1336 1852 interturbaret,
1372 1808 1594 1838 commo-

301 1859 401 1907 dius
432 1861 516 1907 erit
538 1876 641 1906 eam
663 1861 712 1906 in
736 1858 870 1920 hujus
891 1860 1142 1907 voluminis
1168 1860 1343 1907 calcem
1369 1858 1554 1921 rejicere
1575 1874 1591 1919 3

300 1943 444 1994 quam
477 1926 540 1974 ibi
572 1924 724 1973 videat
761 1925 959 1973 eruditus
993 1926 1183 1973 Lector.

367 1991 432 2040 Et
463 1991 513 2040 in
539 2008 694 2040 omnes
725 2005 903 2040 cerates.
942 1990 1047 2039 1³0st
1083 1994 1288 2057 optimos
1320 1989 1594 2055 Principe83

302 2061 383 2126 qui
421 2058 618 2120 Trajani
655 2057 975 2107 liberalitatem
1011 2058 1221 2107 foverant
1254 2064 1299 2105 &
1332 2059 1592 2123 ampliave-

301 2140 423 2187 rant,
435 2126 652 2174 Aurelius
669 2123 963 2173 Commodus
978 2143 1080 2174 eam
1097 2125 1245 2174 omifit
1258 2163 1270 2185 ‚
1287 2122 1392 2173 cum
1406 2125 1592 2172 luxuriae

301 2190 555 2257 sumptibus
585 2193 793 2240 aerarium
812 2191 1055 2242 minuisset.
1088 2191 1332 2258 Lamprid.
1359 2193 1409 2239 in
1438 2190 1594 2239 Com-
1663 2194 1666 2195 ⁷

304 2259 435 2308 mod.
457 2276 496 2306 c.
531 2266 605 2306 16.
632 2258 736 2307 Nec
754 2257 967 2308 Pertinax
988 2298 1001 2319 ‚
1032 2261 1127 2322 ejus
1147 2257 1366 2308 successor
1386 2295 1402 2319 ‚
1441 2256 1594 2305 ablata

305 2327 511 2374 restituit.
537 2324 651 2373 Inde
669 2324 763 2377 Jul.
784 2325 1039 2390 Capitolin.
1061 2329 1109 2374 in
1137 2326 1372 2375 Pertinace
1390 2361 1404 2384 ‚
1427 2340 1531 2389 cap.
1543 2341 1589 2380 9.

306 2390 620 2442 Alimentaria
650 2391 785 2440 etiam
821 2391 1081 2454 compendia
1118 2410 1215 2457 quae
1257 2408 1412 2440 novem
1447 2405 1590 2438 anno·

308 2476 408 2507 rum
448 2476 504 2507 ex
547 2457 744 2524 instituto
778 2456 973 2524 Trajani
1012 2457 1325 2521 debebantur,
1370 2454 1592 2506 obduratci

306 2523 586 2579 verecundie}
606 2524 805 2592 fitstulit.
1644 2532 1648 2538 '

374 2589 598 2661 Legatum
615 2606 951 2658 propraetorem.
986 2592 1173 2646 Gruter.
1191 2591 1399 2660 Inscript.
1422 2590 1586 2658 Antiq-¹
