1672 3174
306 169 428 226 4tu3
572 148 666 209 IzN
732 148 954 210 Jl1>i›2
989 172 1145 212 >³1>1
1173 171 1204 211 c
1236 177 1264 212 E
1295 175 1345 215 it

374 247 626 299 Duodenis
663 247 836 315 affibus.
887 249 1007 298 Haec
1047 252 1110 299 est
1147 252 1279 303 usura
1315 255 1558 307 centesima¹

86 334 140 375 Α.
159 334 213 378 U,
231 333 285 378 c,
308 332 451 384 quam
481 312 624 380 vulgo
654 315 848 364 dicimus
882 316 1023 383 douze
1047 336 1160 381 pour
1196 336 1315 373 cent.

83 470 85 472 η
134 407 243 460 857.

125 487 164 529 J.
186 489 235 529 C.

135 571 249 618 104.

373 379 615 446 Reficripfit
640 378 883 443 Princeps.
916 383 1038 431 Plin.
1073 384 1162 450 Ep.
1183 386 1263 449 X,
1298 396 1376 452 63.

376 447 638 515 Quantitas
680 446 911 510 usurarum
947 449 1239 502 minueretur.
1282 455 1406 503 Cum
1445 453 1587 504 modo

308 514 364 562 de
393 516 545 579 pueris
578 513 834 582 puellisque
881 516 1176 567 alimentariis
1211 538 1236 568 a
1268 539 1485 582 eremus,
1519 523 1591 570 vi·-

305 579 456 629 dimus
509 580 773 644 Trajanum
824 580 1094 632 contentum
1143 538 1273 636 fuissg
1327 591 1590 656 quincunce

303 647 434 696 usura
454 686 467 708 ‚
501 659 643 716 quam
678 663 896 698 vocamus
932 649 1037 715 cinq
1057 665 1172 712 pour
1202 669 1321 702 cent.

368 713 529 764 Liberi
553 714 668 765 nati.
704 714 819 765 Nati
845 718 1108 783 parentibus
1131 718 1300 768 libetis.

367 779 591 849 Expositi.
611 782 732 830 Plin.
752 782 842 852 Ep.
859 783 908 831 X
923 823 936 845 ,
970 803 1050 842 71.
1077 784 1149 833 Ut
1171 802 1298 835 nunc
1320 786 1447 851 viget
1465 786 1590 851 apud

301 847 517 898 Sinenses
542 850 747 914 populos
769 889 780 909 ,
817 853 880 899 ita
907 851 1030 917 apud
1050 852 1290 902 Romanos
1319 854 1465 919 viguit
1484 853 1591 900 bat-

301 916 413 963 bara
433 914 714 965 consuetudo
733 917 901 965 liberos
926 920 1222 984 exponendi,
1253 937 1393 988 quam
1413 918 1590 969 Valen-
1619 954 1622 958 »

301 987 421 1032 tinus
444 989 491 1031 &
515 982 690 1034 Valens
723 983 864 1050 primi
900 985 1085 1035 abolere
1117 991 1272 1037 conati
1305 987 1421 1036 sunt.
1464 984 1587 1037 Cod.

297 1049 379 1098 lib.
400 1069 423 1099 z
446 1089 460 1110 ‚
488 1048 542 1100 de
565 1048 828 1115 Infantium
849 1052 1137 1119 expositione.

365 1116 617 1182 Respondit
646 1117 899 1185 TrajanuS.
935 1120 1054 1169 Plin.
1085 1120 1176 1187 Ep.
1197 1121 1247 1169 X
1266 1160 1279 1181 ‚
1310 1138 1396 1177 72.

364 1183 479 1234 Non
508 1183 808 1248 adsertionem
836 1185 1173 1255 denegandam.
1206 1188 1322 1236 Non
1345 1188 1587 1253 denegana

298 1249 408 1300 dam
427 1249 514 1299 effe
534 1252 788 1301 libertatem
809 1292 822 1314 ,
850 1252 927 1302 seu
957 1254 1320 1304 vindicationem
1352 1254 1585 1302 libertatis.

364 1315 588 1381 Amiseni.
613 1319 797 1370 Amisus
818 1359 832 1381 ‚
860 1321 964 1371 urbs
991 1321 1131 1371 Ponti
1151 1361 1164 1383 ‚
1195 1339 1320 1370 nunc
1343 1320 1588 1386 Samsoun.

363 1383 521 1433 Plinio
548 1383 785 1439 dederunt.
822 1386 944 1437 Plin.
967 1387 1060 1455 Ep.
1083 1387 1133 1437 X
1153 1428 1165 1450 ‚
1188 1407 1269 1455 93.

363 1450 444 1500 Ad
480 1450 682 1503 Eranos.
721 1453 866 1505 Erani
910 1455 1019 1504 dieti
1063 1454 1163 1506 sunt
1200 1474 1229 1506 a
1267 1472 1385 1508 voce
1420 1450 1584 1505 Graec&

296 1515 433 1582 ’ἔρανος
455 1555 472 1580 ,
506 1537 608 1587 quae
631 1522 795 1587 stipem
822 1521 1062 1589 fignificat.

362 1583 600 1649 Principis
630 1587 793 1641 literae.
832 1589 952 1639 Plin.
988 1591 1078 1657 Ep.
1098 1589 1147 1638 X
1167 1629 1180 1652 ‚
1210 1609 1291 1650 94.

363 1651 656 1704 Prohibenda
686 1655 761 1722 est.
799 1654 940 1707 Forte
976 1659 1280 1725 interrogabit
1311 1658 1477 1725 aliquis
1508 1672 1588 1704 cur

297 1715 532 1782 Traianus
563 1724 613 1770 in
646 1725 899 1788 provinciis
930 1724 1110 1774 Eranos
1137 1725 1404 1792 prohiberet
1429 1757 1443 1781 ,
1481 1721 1588 1771 etim

298 1785 394 1850 ipse
430 1804 496 1836 tot
535 1791 850 1839 alimentarios
889 1810 1059 1856 pueros
1095 1794 1146 1840 in
1186 1793 1319 1840 Italici
1357 1792 1585 1839 educaret.
1647 1847 1652 1860 Ι

296 1851 547 1901 Manifesta
580 1857 642 1902 est
679 1856 826 1905 causa.
868 1857 1040 1919 Erani,
1084 1874 1133 1906 ut
1171 1859 1446 1924 plerumque
1486 1853 1587 1903 sunt
1647 1866 1665 1927 'g

297 1921 436 1984 egeni
464 1960 476 1981 ,
530 1921 723 1970 seditiosi
760 1929 804 1970 &
836 1924 1017 1971 turbidi.
1063 1923 1291 1989 Exempla
1324 1925 1428 1971 vide
1461 1920 1588 1987 apud
1627 1983 1630 1988 .
1658 1931 1665 1946 '⁴

297 1985 528 2034 eruditum
544 1986 626 2036 Du
646 1987 841 2055 Gange,
863 1988 1146 2038 Glossarium
1165 1990 1325 2038 mediae
1349 1996 1394 2037 ὅ(
1416 1988 1584 2038 infimae

294 2049 554 2103 Graecitatis
574 2093 588 2115 ,
624 2055 766 2103 verbo
798 2055 959 2123 ἐνάριοι.
1003 2057 1184 2107 Contra
1207 2057 1264 2105 ab
1288 2058 1586 2105 alimentariis

293 2122 450 2184 pueris
480 2122 632 2170 nullus
660 2123 833 2184 timor3
876 2142 1103 2190 magnum
1132 2122 1243 2174 vero
1273 2124 1414 2173 Italiae
1441 2141 1586 2171 orna-
1640 2156 1660 2171 ,-

294 2203 505 2236 mentum
551 2194 596 2236 &
637 2190 823 2255 imperii
866 2178 1126 2241 subsidium.
1185 2189 1300 2239 Inde
1352 2192 1583 2257 intelligas
1623 2185 1667 2249 ,Ῑῖςζ

293 2253 436 2319 qutim
478 2256 721 2319 multiplex
763 2259 983 2326 variaque
1023 2258 1112 2308 effe
1153 2257 1314 2306 debeat
1354 2257 1583 2323 Principis

293 2337 405 2368 cura
425 2360 437 2381 ,
480 2339 539 2369 ne
565 2323 660 2370 ulla
691 2324 954 2388 reipublicae
984 2343 1091 2390 pars
1118 2324 1432 2372 labefactetur.
1646 2322 1663 2331 ”

359 2385 516 2449 Supra
542 2391 899 2439 memoravimus.
925 2392 1019 2440 Sub
1040 2391 1180 2439 finem
1205 2393 1317 2439 anni
1339 2404 1581 2441 DCCCLVI.

359 2453 603 2521 Epistolam
623 2454 756 2522 misit.
792 2456 912 2505 Plin.
944 2456 1099 2523 Ep.X
1118 2497 1130 2519 ‚
1167 2472 1247 2516 97.

359 2519 560 2585 Interfui
589 2539 848 2587 numquam.
886 2524 1015 2592 Ergo
1045 2526 1207 2574 Romae
1236 2522 1358 2571 haud
1391 2525 1454 2572 ita
1483 2522 1581 2570 fre-

292 2603 487 2653 quentes
527 2587 652 2638 fuere
688 2590 744 2638 de
784 2591 1055 2643 Christianis
1099 2592 1391 2659 cognitiones
1416 2629 1432 2652 ,
1470 2589 1575 2640 cum

291 2652 469 2706 Plinius
494 2657 633 2705 nullis
664 2657 948 2715 interfuisset.
