1720 3184
319 160 1174 221 VESPASIANUS.
1315 160 1382 233 83

115 257 281 343 patris
328 258 554 317 caritate
597 253 807 334 suoque
856 251 1104 333 periculo
1154 253 1213 311 in
1266 254 1608 322 vim—{33

115 344 327 402 dietam
366 363 602 424 praeceps
631 386 646 411 ‚
688 337 976 396 Caecinam
1015 358 1279 396 vocatum
1318 339 1389 399 ad
1414 342 1611 387 A.U.C.

118 448 317 486 cenam
341 470 359 495 ‚
402 448 462 483 ac
495 421 728 482 vixdum
763 444 793 480 e
829 420 1074 480 triclinio
1113 419 1389 505 egreffum
1458 414 1569 470 33²·

114 504 348 567 confodi
385 507 564 588 juffit:
607 503 733 563 sane
758 526 994 586 urgente
1027 503 1350 567 discrimine
1374 554 1391 579 ‚
1453 493 1493 531 J·
1526 491 1579 531 C·

115 590 247 649 cum
283 591 454 650 etiam
480 588 915 671 chirographum
946 594 1060 670 ejus
1088 611 1395 671 praeparatae
1475 568 1558 610 79·

116 673 263 756 apud
281 673 487 734 milites
504 672 902 753 conjurationis
923 671 1395 755 deprehendisset.

116 761 282 818 Hunc
304 756 480 818 finem
511 756 705 826 habuit
728 755 954 815 Caecina
975 803 993 827 ,
1020 757 1148 814 ante
1172 757 1396 820 Vitellii

116 841 388 924 proditor.
453 838 759 899 Marcellus
796 860 986 899 autem
1022 864 1053 898 a
1084 838 1278 900 senatu
1310 842 1396 901 in·-

115 944 425 1006 terrogatus
454 921 860 1004 damnatusque
888 969 905 995 ,
938 923 1094 982 seritis
1123 924 1398 986 novacula

113 1005 367 1067 faucibus
390 1054 407 1079 ,
432 1008 608 1067 vitam
627 1006 818 1066 multis
837 1005 936 1066 sub
959 1009 1187 1068 Nerone
1210 1005 1395 1069 foeda-

115 1112 234 1151 tam
254 1091 476 1174 flagitiis
496 1139 512 1162 ‚
540 1114 687 1150 nunc
717 1089 943 1173 perfidis
965 1090 1223 1151 adversus
1243 1094 1397 1154 Prin-

112 1175 299 1258 cipem
329 1175 579 1234 amicum
616 1172 852 1233 consiliis
883 1172 1161 1235 infamem
1189 1175 1394 1240 finivit}

125 1312 128 1313 a
195 1259 359 1318 TUM
397 1258 635 1339 quidem
669 1255 779 1317 fuit
810 1256 1086 1319 securitas,
1129 1259 1209 1319 At
1231 1261 1396 1322 Prin·

113 1341 251 1425 cipis
311 1341 577 1402 valetudo
636 1342 998 1403 motiunculis
1055 1342 1272 1404 levibus
1332 1346 1395 1407 in

113 1424 430 1505 Campania
455 1426 659 1486 tentari
689 1427 858 1508 coepit
888 1453 900 1486 z
945 1425 1170 1509 vulgata
1211 1429 1398 1491 statim

114 1529 415 1592 portenta:
449 1537 483 1561 α
506 1507 867 1568 Mausoleum
908 1509 1188 1570 Caesarum
1229 1511 1397 1574 dere-

109 1622 149 1650 σο
158 1613 327 1676 pente
352 1591 582 1675 patuisse
608 1617 621 1650 z
649 1593 911 1652 crinitam
934 1592 1148 1653 stellam
1173 1594 1232 1653 in
1259 1597 1394 1658 caelo

106 1675 409 1736 :nvisamm
453 1680 584 1736 Haec
619 1676 855 1757 quidem
893 1676 1055 1737 irrisit
1091 1678 1393 1762 Princeps:

111 1759 408 1820 «alterum
448 1761 521 1820 ad
560 1760 790 1823 Juniam
829 1760 1134 1822 Calvinam
1162 1786 1193 1822 e
1222 1785 1393 1846 gente

112 1844 392 1927 »Augusti
417 1845 696 1927 pertinere
716 1873 750 1898 α)
781 1843 1069 1905 dictitans:
1104 1846 1394 1909 ocalterum

111 1927 231 1987 mad
274 1930 610 1987 Parthorum
655 1950 850 2010 regem
890 1976 909 2002 ,
962 1931 1063 2011 qui
1107 1930 1395 2013 capillatus

110 2008 369 2071 messer».
446 2014 515 2071 In
565 2010 791 2070 Urbem
841 2032 1033 2074 tamen
1079 2013 1396 2097 regreffUS‚

114 2094 359 2155 Cutilias
402 2118 464 2154 ac
512 2095 754 2155 Reatina
795 2117 921 2155 rura
949 2143 967 2169 ‚
1015 2096 1113 2155 ubi
1155 2099 1394 2162 aestivare

109 2179 412 2260 quotannis
436 2177 649 2240 solebat
668 2226 685 2251 ‚
722 2180 901 2261 petiit.
942 2178 1050 2239 Hic
1069 2228 1086 2254 ,
1109 2178 1271 2264 super
1299 2207 1394 2243 ur-

115 2284 350 2346 gentem
368 2263 754 2324 valetudinem
772 2310 789 2335 ,
814 2264 1157 2325 creberrimo
1174 2264 1394 2350 frigidae

115 2369 269 2427 aquae
314 2346 411 2407 usu
449 2348 707 2408 intestina
746 2348 981 2409 vitiavit.
1055 2348 1207 2410 Feffo
1257 2372 1393 2411 tunc

118 2452 350 2512 corpore
386 2480 403 2505 ‚
464 2442 523 2494 &
559 2433 899 2494 imminente
939 2432 1061 2493 vitae
1103 2434 1352 2516 periculo
1371 2452 1396 2510 5

119 2513 417 2575 caelestibus
466 2517 771 2576 honoribus
807 2565 826 2590 ‚
890 2540 1030 2598 quos
1071 2517 1394 2580 adulatione

120 2597 383 2662 Romana
397 2608 453 2664 δε
468 2602 593 2665 Titi
610 2599 712 2662 filii
730 2599 812 2663 sui
828 2600 1091 2666 industria
1110 2604 1394 2682 proximos

1048 2684 1202 2770 va
