1672 3174
338 152 454 210 320
555 127 627 190 IN
676 130 1155 190 SUPPLEMENTUM
1196 131 1328 188 Lm.
1365 130 1443 191 V.

409 226 557 283 Inriro
593 243 745 276 tamen
777 226 940 277 labore.
980 229 1071 278 Sex
1097 246 1285 296 quoque
1311 227 1499 287 diebus,
1534 234 1621 273 ati-2

347 309 534 362 tequam
554 312 744 361 aggeres
765 294 1125 356 absolverentur,
1142 295 1427 362 quatiebatur
1441 309 1618 353 murus,

347 361 480 410 fimul
499 360 799 409 fundamenta
820 362 1217 426 Septemtrionalis
1242 378 1384 428 portae
1404 358 1623 408 suffodie-

345 426 546 488 bantur3
582 444 625 475 at
652 429 801 476 irritus
830 426 1007 493 semper
1042 428 1174 477 labor
1208 427 1398 490 recidit,
1428 426 1491 473 ob
1520 441 1623 472 eam

344 493 555 559 lapidum
588 494 937 544 immenfitatem
956 533 972 557 ‚
1010 495 1066 544 de
1092 496 1183 563 qua
1213 495 1384 544 dicium
1405 494 1468 541 est
1492 487 1637 557 supr&

343 562 405 609 ad
433 559 554 607 Hist.
578 560 642 620 V,
676 579 747 608 12.

412 624 586 688 Templi
612 625 877 689 porticibus.
904 627 1158 677 Porticibus
1185 627 1344 693 templi
1375 625 1639 684 interioris,

349 690 541 758 joseph.
572 693 681 741 ibid.
703 693 893 760 Duplex
917 697 1041 743 enim
1067 696 1289 760 templum
1311 713 1321 741 ε
1355 692 1476 741 aliud
1502 706 1628 740 exte-

347 762 442 808 1ius
466 798 478 819 ,
516 759 594 808 ubi
632 763 796 808 atrium
834 763 1042 828 gentium
1073 782 1083 810 :
1129 762 1254 810 aliud
1292 762 1511 819 interius,
1551 756 1629 805 ubi

350 828 518 876 atrium
563 825 834 879 Judaeorum
862 867 876 888 ,
927 828 1004 877 ubi
1045 846 1123 878 ara
1146 868 1159 891 ,
1207 828 1285 877 ubi
1323 826 1546 876 Sanclum
1582 829 1627 871 &

347 894 572 944 Sandhnn
606 894 899 941 Sanciorum.

407 957 566 1026 Signa
593 959 822 1011 Romana.
854 957 1043 1026 Josepli.
1075 961 1185 1010 ibid.

415 1092 544 1142 CAP.
566 1091 811 1144 XXXVI.
844 1092 1091 1144 Succendi.
1126 1092 1317 1159 Joseph.
1347 1091 1458 1142 ibid.

419 1158 574 1209 Portae
619 1159 972 1210 obducebanrur.
1033 1160 1224 1226 Joseph.
1266 1159 1375 1208 ibid.
1415 1174 1542 1206 num.
1587 1168 1634 1203 2.

349 1223 441 1274 Eas
477 1244 665 1293 quoque
700 1229 797 1274 auri
824 1227 1006 1275 laminis
1034 1227 1161 1277 fuiffe
1186 1229 1323 1276 tefflas
1348 1225 1479 1274 tradit
1505 1222 1630 1271 idem

350 1291 610 1358 josephus,
649 1294 765 1341 Bell.
792 1293 899 1346 Jud.
924 1293 986 1355 V,
1014 1310 1035 1354 5
1060 1334 1073 1356 ‚
1107 1314 1235 1343 num.
1268 1312 1309 1356 3.
1352 1293 1444 1341 Sed
1467 1290 1552 1338 hac
1574 1288 1634 1337 de

340 1376 403 1407 ‘re
447 1361 581 1425 plura
625 1359 746 1408 dieta
787 1358 893 1408 sunt'
927 1362 976 1407 in
1011 1364 1166 1426 priore
1198 1361 1350 1409 Taciti
1389 1358 1590 1405 editione
1618 1392 1634 1416 ‚

351 1424 499 1474 Tom.
524 1427 623 1486 ΙΙΙ,
659 1444 770 1494 pag.
802 1442 888 1488 555
926 1433 970 1474 &
1004 1428 1132 1497 seqq.
1169 1429 1244 1476 ubi
1278 1426 1423 1474 multa
1455 1424 1510 1472 de
1539 1424 1635 1472 im·-

353 1494 515 1541 mensa
552 1495 712 1558 templi
747 1494 999 1558 opulentia.
1618 1551 1622 1554 ,

416 1557 518 1608 Die
535 1559 757 1625 nocqeque.
777 1559 967 1626 Joseph.
990 1561 1105 1608 Bell.
1124 1560 1232 1614 Jud.
1247 1560 1346 1621 VI,
1365 1579 1421 1619 4,
1444 1577 1570 1606 num.
1591 1571 1639 1606 2..

341 1624 470 1680 Dies
496 1628 573 1675 illa
594 1626 676 1674 fuit
703 1629 867 1676 ociava
897 1627 1060 1675 menfis
1085 1627 1178 1675 Loi
1197 1667 1209 1687 ,
1237 1625 1312 1676 seu
1339 1645 1358 1690 3
1389 1627 1607 1693 Augusti.-

419 1691 674 1742 Exercitzls
694 1693 772 1756 sui
809 1693 1011 1744 ducibus.
1047 1693 1200 1742 Acciti
1234 1694 1368 1742 duces
1400 1692 1523 1741 fuere
1544 1691 1637 1739 Ti-

351 1759 501 1815 berius
521 1760 810 1820 Alexander,
841 1763 974 1808 totius
997 1762 1166 1809 militiae
1181 1760 1419 1825 praefefflus
1438 1798 1450 1819 ‚
1473 1760 1636 1807 Sextus

349 1824 558 1874 Cerealis
579 1828 747 1894 quintae
771 1827 968 1891 legionis
990 1828 1166 1892 legatus
1187 1864 1199 1885 ,
1221 1827 1411 1874 Larcius
1427 1822 1634 1889 Lepidus

354 1891 575 1951 decimae,
615 1892 749 1940 Titus
786 1891 928 1958 Frugi
966 1892 1325 1959 quintaedecimae
1354 1930 1366 1950 ‚
1404 1891 1637 1940 Aiternius

353 1955 533 2007 Fronto
567 1958 760 2006 duarum
789 1958 1213 2006 Alexandrinarum
1243 1959 1484 2025 legionum
1518 1973 1639 2022 prae-

354 2023 501 2072 seclus
523 2063 536 2085 ‚
576 2031 619 2072 &
653 2024 838 2073 Marcus
868 2024 1102 2073 Antonius
1134 2024 1343 2078 Julianus
1368 2039 1641 2089 procurator

355 2089 562 2143 Judaeae:
602 2091 769 2140 tribuni
849 2109 1002 2159 uoque
1042 2098 1086 2138 ὃ(
1126 2093 1201 2139 alii
1241 2092 1407 2150 acciti,
1448 2087 1640 2154 joseph.

354 2158 449 2205 loc.
472 2162 544 2208 cit.
562 2176 690 2209 num.
714 2177 756 2222 3.
791 2109 844 2206 Id
877 2175 1029 2208 autem
1051 2159 1204 2208 anstum
1224 2157 1296 2205 die
1319 2156 1446 2204 nona
1470 2155 1637 2204 mensis

353 2222 447 2272 Loi
474 2261 488 2283 ,
523 2223 597 2272 seu
624 2243 654 2283 4
678 2224 891 2290 Augusti.

418 2289 832 2357 Distrahebantur.
856 2290 974 2339 Haec
1006 2292 1162 2337 onmia
1195 2286 1425 2352 josephus
1450 2288 1542 2336 loc.
1561 2290 1638 2338 cit.

350 2365 359 2371 ““
418 2354 652 2406 Incendia
686 2356 1032 2424 restinguerent.
1067 2354 1259 2420 Joseph.
1285 2354 1396 2403 ibid.

421 2488 550 2539 CAP.
591 2489 856 2541 XXXVII.
900 2486 1015 2553 Agit
1040 2485 1192 2550 furor.
1244 2486 1362 2535 Haec
1405 2487 1531 2553 gesta
1563 2484 1638 2537 die

359 2555 537 2604 decima
571 2557 734 2606 mensis
761 2558 853 2606 Loi
877 2595 887 2615 ,
921 2552 997 2603 seu
1022 2570 1042 2615 5
1070 2553 1303 2621 Augusti5
1346 2569 1393 2602 ut
1424 2566 1548 2620 patet
1580 2568 1636 2603 ex

356 2621 563 2690 Josepho
599 2624 712 2675 ibid.
743 2643 872 2675 num.
898 2639 946 2682 4·
