1720 3184
303 145 365 207 ‘T
412 168 454 206 R
504 166 545 206 A
590 170 613 208 J
663 167 706 205 A
752 167 792 204 N
851 155 998 206 v.s.‘
1191 159 1314 225 213·

25 247 138 307 <enin
162 247 539 331 ignominiam
556 295 573 320 ‚
597 270 658 306 ac
685 243 940 304 tamdem
957 293 974 318 ‚
996 242 1107 305 fine
1126 242 1275 305 ferro
1292 288 1309 314 ,
1334 270 1526 295 π

34 331 206 391 „solis
248 331 352 390 suis
392 332 574 403 vitiis,
616 328 942 411 pudendam
983 330 1044 387 in
1086 330 1309 388 ruinam
1334 327 1525 370 A.U.C.

34 413 400 474 mresolvetur.
430 417 561 473 Haec
586 436 714 471 mea
738 411 890 494 spes3
919 411 1094 494 eaque
1122 412 1271 472 laetus
1292 461 1310 485 ,
1380 399 1465 450 859
1471 423 1489 444 ⁹

37 518 328 557 :omortem
374 497 520 556 ultro
563 495 873 578 sponteque
919 497 1116 555 obibo,
1184 500 1309 556 Hoc

41 604 262 642 :aunum
287 580 556 663 superest,
581 602 695 660 quo
716 601 808 638 me
833 580 1009 654 mihi,
1037 603 1130 640 me
1154 579 1314 643 vobis

31 696 74 722 ω
85 665 391 749 approbem
405 693 438 718 ιο
451 710 464 723 .

126 751 285 808 HAEC
328 747 544 807 locutus
568 738 998 825 [omnibusque
1035 745 1094 803 in
1130 746 1316 806 admi⁶

31 833 318 894 v:rationem
364 830 555 890 defixis
580 879 596 902 ,
643 852 794 911 genu
839 849 1045 888 terram
1089 831 1270 912 tangit
1294 878 1314 904 ,

30 920 346 997 tRomaeque
371 915 591 974 ruinam
616 933 863 994 precatus
883 960 899 985 ,
939 912 1192 993 gladium
1222 920 1312 994 ju·-

29 999 174 1084 ²gulo
197 999 490 1082 imprimit.
541 995 759 1069 Multi,
794 996 1119 1078 exemplum
1166 999 1312 1078 regis

30 1083 212 1147 {secuti
235 1132 252 1156 ‚
293 1083 495 1165 pariter
527 1082 586 1140 in
626 1101 874 1141 mortem
908 1101 1091 1140 ruunt.
1149 1080 1310 1155 Alii,

39 1167 242 1250 quibus
273 1166 499 1224 mollior
528 1188 722 1224 manus
751 1212 768 1235 ‚
814 1162 868 1223 se
894 1164 1313 1226 interficiendos
1392 1173 1395 1175 ’

33 1279 36 1286 ’
95 1250 281 1309 adunt.
321 1250 574 1325 Quidam
591 1296 607 1320 ‚
639 1271 777 1329 quos
801 1248 923 1307 vitae
946 1271 1105 1307 amor
1127 1269 1313 1323 tenet,

32 1379 35 1397 ᾖ
60 1333 428 1393 ‘retiosiorem
452 1331 855 1414 supellectilem
873 1379 889 1404 ,
929 1354 1104 1412 quam
1126 1331 1316 1392 secum

42 1417 245 1477 tulerat
290 1416 608 1476 Decebalus
639 1463 656 1487 ,
696 1415 904 1475 tollunt
928 1463 944 1487 ‚
992 1415 1316 1498 adeuntque

40 1503 356 1582 Trajanum
381 1547 398 1572 ‚
440 1500 548 1558 hoc
568 1501 747 1582 pretio
769 1500 945 1558 vitam
969 1500 1316 1559 emereaturi.

44 1584 363 1646 Manebant
390 1604 582 1643 tamen
609 1582 791 1642 adhuc
820 1583 1020 1642 Dacici
1049 1582 1320 1643 exercitus

40 1667 308 1749 reliquiae.
354 1666 532 1726 Multi
559 1667 617 1725 in
644 1668 811 1725 armis
837 1665 1192 1749 palabantur,
1226 1688 1320 1728 aut

46 1752 167 1812 avia
190 1753 249 1810 in
275 1749 492 1810 castella
520 1749 631 1810 sese
664 1750 1012 1810 abdiderant.
1055 1752 1144 1809 Ne
1184 1750 1326 1831 quid

32 1835 243 1895 'hostile
264 1834 672 1916 relinqueretur
687 1882 704 1906 ,
732 1857 900 1916 eques
922 1833 1201 1917 pedesque
1222 1834 1324 1894 ad-

44 1918 235 1980 versus
259 1942 352 1978 eos
377 1916 583 1977 missus,
620 1919 757 1977 Cito
776 1918 1011 1998 quidem
1026 1920 1322 1978 Dacorum

32 2003 264 2083 -equites
289 1999 554 2059 assecutus
591 2002 666 2060 est
686 2003 976 2059 Romanus
1012 2023 1180 2081 eques
1208 2025 1225 2079 3
1265 2011 1324 2061 &

27 2093 163 2170 xljam
192 2082 353 2144 feffos
378 2081 741 2165 turbidosque
775 2083 852 2142 ita
883 2084 1177 2166 intercepit
1204 2132 1220 2156 ‚
1263 2105 1326 2143 ut

49 2169 269 2254 penitus
306 2166 409 2226 fint
444 2166 633 2227 deleti.
691 2168 1001 2250 Repertum
1045 2166 1324 2232 Decebali

50 2252 290 2317 cadaver
315 2300 331 2324 ‚
371 2259 521 2332 cujus
560 2271 911 2333 amputatum
944 2270 1108 2332 caput
1144 2252 1326 2311 castris

55 2335 275 2394 illatum
299 2337 406 2395 est:
445 2356 568 2394 tum
595 2335 834 2394 ostentui
861 2334 1118 2393 habitum
1138 2382 1153 2406 ,
1191 2334 1327 2393 dein

14 2480 17 2487 λ
55 2420 307 2481 Romam
350 2417 751 2501 perferendum
777 2465 794 2490 ‚
843 2419 1042 2501 ingens
1082 2418 1325 2476 victoriae

59 2523 513 2565 monumentum.
549 2503 784 2562 Interim
805 2503 1113 2560 aRomano
1138 2499 1327 2583 pedite

10 2627 18 2651 ;
55 2584 304 2673 palantes
330 2587 476 2647 Daci
497 2607 588 2652 aut
617 2585 730 2650 caefi
748 2633 766 2660 ‚
794 2604 886 2650 aut
915 2583 1109 2647 vinclis
1132 2584 1331 2656 οηιιίὶίι

1388 542 1493 587 106ae
