1720 3184
523 141 895 203 Τῖτος.
1273 158 1342 217 91

68 243 372 305 Terentius
395 244 713 314 Maximus,
745 241 873 301 Asia
899 238 1198 312 oriunduS‚
1234 243 1351 301 Ne-
1372 280 1562 305 ἱππ

72 331 195 388 roni
239 328 480 409 corporis
518 327 712 384 habitu
736 374 752 398 ‚
798 326 1016 384 citharae
1046 323 1345 405 cantusque
1367 343 1416 383 A.
1436 345 1485 382 U.
1507 344 1560 385 C.

75 412 279 471 artibus
318 433 434 468 non
473 407 735 468 absimilis
764 454 780 479 ‚
825 407 877 468 se
913 406 1019 468 effe
1054 410 1346 467 Neronem
1408 419 1515 473 834·

73 514 188 554 erat
241 494 554 568 mentitus;
612 491 942 572 concitaque
991 491 1345 572 popularium
1404 497 1442 536 J·
1481 497 1530 537 C·

72 600 245 635 manu
269 622 287 647 ,
335 576 406 633 ad
445 575 786 657 Euphratem
823 576 1228 634 contenderat:
1266 575 1348 635 ibi

70 660 214 741 regis
259 659 589 716 Parthorum
618 705 634 729 ,
679 659 818 716 Tito
871 656 1070 716 infenii
1097 704 1112 728 ‚
1159 659 1350 719 studiis

69 740 444 802 attollebatur.
511 742 738 800 Irritum
788 738 897 799 fuit
942 741 1307 800 mendacium
1330 792 1348 816 ,

69 847 322 905 vanaque
343 847 614 883 novarum
640 846 825 883 rerum
853 825 1163 883 tentamina
1182 873 1197 896 ‚
1233 850 1350 886 non

66 910 226 968 Urbe
246 907 494 979 tantum,
522 906 618 967 sed
636 916 692 967 δε
711 908 972 990 imperi0‚
991 909 1048 966 in
1078 907 1349 989 obsequio

65 992 544 1072 venerationeque
576 992 843 1074 Principis
870 1040 886 1064 ,
924 993 1022 1072 qui
1052 991 1263 1051 deliciae
1291 1002 1352 1054 δεῖ

68 1097 228 1138 amor
241 1074 475 1134 humani
491 1075 709 1157 generis
726 1076 1124 1158 appellabatur,
1139 1076 1351 1136 defixis.

156 1161 183 1217 I
208 1178 250 1218 N
301 1161 402 1217 hac
453 1160 598 1241 pacis
646 1157 937 1219 securitate
980 1208 997 1233 ,
1063 1180 1194 1219 vota
1248 1183 1350 1242 pro

69 1242 194 1301 Titi
240 1241 411 1301 salute
455 1241 936 1325 nuncupabantur.
1006 1243 1083 1303 At
1128 1241 1352 1302 infausti

71 1348 289 1386 amores
319 1325 511 1408 populi
538 1326 802 1385 Romani.
867 1329 930 1385 Et
960 1325 1119 1409 super
1143 1328 1347 1386 Domi-

74 1409 210 1467 tiani
241 1409 439 1468 odium
466 1454 482 1479 ,
533 1408 796 1468 valetudo
831 1411 1100 1491 Principis
1142 1410 1351 1469 assiduo

73 1491 408 1551 balneorum
436 1490 534 1550 usu
559 1490 889 1550 labefactata
915 1492 1351 1572 ingravescebat.

72 1576 179 1634 Seu
196 1573 317 1648 suae,
335 1574 430 1633 seu
454 1575 772 1633 communis
797 1576 1151 1636 mortalitatis
1173 1573 1353 1649 sensu5

68 1657 128 1717 in
175 1653 614 1739 spectaculorum
661 1657 772 1716 fine
816 1704 832 1728 ,
896 1658 1105 1741 populo
1157 1680 1349 1717 coram

71 1741 318 1800 ubertim
359 1741 548 1800 flevit:
593 1765 726 1798 mox
770 1740 1002 1801 Sabinos
1046 1742 1208 1825 petiit
1246 1741 1350 1801 ali-

70 1846 283 1905 quanto
320 1825 523 1882 tristior
550 1870 567 1895 ,
607 1824 683 1883 ob
724 1823 855 1883 laeva
894 1848 1012 1906 quae
1047 1846 1349 1885 evenerant

70 1928 362 1988 portenta:
391 1907 462 1965 ad
500 1908 741 1988 primam
779 1909 962 1966 statim
998 1908 1351 1970 mansionem

73 1989 220 2049 febri
254 1990 545 2069 corripitur
571 2015 582 2046 :
627 1990 756 2048 cum
788 1991 921 2050 inde
950 1990 1142 2050 leffica
1173 2013 1352 2053 trans-

75 2071 312 2132 ferretur
330 2121 346 2144 ,
385 2070 670 2154 suspexiffe
702 2073 904 2132 dicitur
925 2121 940 2145 ‚
982 2075 1214 2133 dimotis
1240 2076 1351 2157 pla-

76 2155 217 2236 gulis
237 2204 252 2228 ‚
275 2155 497 2214 caelum:
520 2154 765 2213 multum
790 2160 1193 2238 conquestus‚cc
1211 2159 1352 2242 eripi

76 2238 220 2297 >olibi
251 2240 426 2299 vitam
450 2239 814 2298 immerenti:
863 2263 1046 2321 neque
1082 2243 1236 2301 enim
1265 2265 1355 2302 ex-

75 2324 255 2382 ·:nstare
283 2322 464 2382 ullum
497 2321 658 2381 suum
684 2321 895 2383 faetum
922 2325 1350 2406 poenitendum,

79 2427 352 2487 aeexcepto
372 2405 660 2465 dumtaxat
673 2429 787 2465 uno
805 2437 863 2465 n.
885 2408 951 2467 ld
973 2408 1137 2488 quale
1162 2406 1351 2480 fuerit,

80 2510 263 2568 neque
284 2488 396 2570 ipse
420 2511 548 2548 tunc
570 2490 848 2572 prodidit,
878 2513 1064 2572 neque
1087 2492 1352 2572 cuiquam

81 2569 243 2630 facile
286 2570 561 2633 succurrit.
609 2575 841 2635 Vanum
866 2596 1054 2633 autem
1081 2574 1307 2632 scrutari
1333 2619 1352 2646 2

81 2654 241 2738 guod
262 2678 379 2720 non
398 2656 529 2719 licet
548 2655 797 2741 adsequi.
816 2659 941 2721 Ubi
950 2658 1115 2721 Titus
1133 2657 1195 2720 in
1207 2655 1366 2743 villa&

1435 572 1513 616 81.
