1720 3184
355 148 1030 213 TRAJANus.
1245 169 1353 230 135

125 279 129 282 ’
163 252 222 314 Α
239 277 274 314 D
292 279 327 314 D
344 279 362 313 1
379 279 415 314 D
436 279 455 313 1
472 278 505 313 ‘r
541 254 815 333 Trajanus
839 297 856 324 ‚
898 277 933 303 cc
949 263 1010 310 ut
1032 295 1048 322 ‚
1088 251 1360 330 quemad-
1383 273 1580 303 m

75 338 368 397 comodum
391 340 450 396 in
475 337 643 419 patris
662 335 805 394 filius
823 383 839 407 ‚
868 333 938 393 fic
964 336 1025 394 in
1046 333 1359 397 hereditate
1385 331 1434 370 A.
1457 333 1505 371 U·
1526 332 1582 390 02

0 465 3 498 ,
83 421 228 479 „filii
255 442 410 503 patet
435 418 568 480 effet
590 420 910 478 immunis„
936 418 1359 501 :exceptionem
1427 403 1534 451 85²·

0 505 2 576 j
81 527 311 587 quoque
331 505 592 575 removit,
622 530 654 553 oc
671 501 709 560 fi
727 502 906 562 modo
927 501 1071 562 filius
1094 505 1153 561 in
1174 501 1361 586 potes-
1445 502 1537 603 ἐξ

0 627 1 656 f
79 607 239 647 :utare
261 589 429 671 patris
450 585 680 647 fuiffet»
704 610 716 644 z
742 585 974 645 intuitus
991 585 1116 647 sane
1136 589 1255 646 vim
1283 586 1368 648 le·
1492 570 1531 605 ‘⁸

0 667 1 726 Ϊ
80 695 330 756 gemque
365 692 570 732 naturae
596 717 614 743 ‚
657 692 779 752 quae
807 668 1027 751 semper
1052 671 1112 730 in
1145 671 1367 732 ditione

82 777 385 840 parentum
408 754 516 816 effe
539 754 745 814 liberos
772 752 952 836 jussit,
985 776 1091 814 nec
1116 755 1198 814 uti
1220 757 1370 828 inter

85 840 325 922 pecudes
343 886 360 912 ,
398 839 468 899 fic
497 840 644 899 inter
668 837 929 897 homines
953 840 1285 919 potestatem
1310 848 1372 900 &

83 924 389 1005 imperium
413 922 815 984 valentioribus
847 921 1026 983 dedit.
1072 924 1193 983 Nec
1224 946 1371 983 con-

83 1028 269 1067 tentus
293 1008 543 1090 primum
564 1007 914 1090 cognationis
934 1006 1173 1089 gradum
1192 1007 1374 1076 abstuff

84 1088 206 1151 liffe
226 1091 501 1173 vigefimae
515 1140 533 1165 ,
553 1090 862 1152 secundum
877 1114 1105 1173 quoque
1122 1094 1334 1153 exemit
1350 1138 1372 1164 ‚

84 1175 344 1257 cavitque
370 1223 387 1249 ‚
428 1197 489 1236 ut
530 1177 590 1235 in
621 1174 823 1235 sororis
861 1175 1024 1234 bonis
1061 1173 1234 1237 frater
1256 1225 1274 1250 ,
1314 1185 1374 1237 &

85 1260 281 1319 contra
320 1260 378 1318 in
412 1258 594 1319 fratris
634 1258 790 1318 soror
813 1307 830 1332 ‚
870 1280 1044 1341 utque
1083 1284 1214 1320 avus
1252 1261 1375 1321 avia

83 1342 148 1412 ‚in
177 1345 358 1427 neptis
392 1341 724 1428 nepotisque
745 1391 763 1416 ,
796 1352 855 1404 &
877 1343 1126 1404 invicem
1148 1345 1232 1405 illi
1257 1344 1373 1406 ser-

87 1449 351 1488 varentur
389 1429 691 1488 immunes.
745 1429 848 1488 His
892 1451 1121 1511 quoque
1167 1429 1373 1511 quibus

86 1534 188 1595 per
235 1513 464 1571 Latium
514 1513 704 1571 civitas
752 1514 1016 1572 Romana
1065 1512 1324 1596 patuisset
1351 1536 1376 1589 5

85 1595 244 1656 idem
265 1595 522 1668 indulsit,
544 1594 919 1676 omnibusque
935 1597 1081 1657 inter
1095 1597 1149 1658 se
1169 1622 1374 1681 cogna-

88 1680 316 1739 tionum
333 1688 453 1762 jura
475 1679 638 1740 fimul
668 1679 951 1740 commisit
977 1729 994 1754 ,
1035 1703 1098 1741 ut
1123 1681 1377 1745 summus

86 1764 326 1824 civitatis
370 1765 550 1824 honos
592 1764 736 1823 nihil
779 1786 986 1824 natutae
1032 1766 1372 1831 detraheret·

86 1847 341 1908 Ulterius
386 1849 630 1908 tetendit
666 1849 936 1933 Principis
975 1851 1371 1933 providentiag,

88 1932 398 2013 statutaque
423 1931 674 2006 summa,
712 1957 831 2013 quae
861 1934 1225 2015 publicanum
1255 1936 1373 2018 pati

87 2013 265 2097 posset
290 2063 305 2087 ‚
360 2018 535 2075 caruit
575 2038 746 2076 onere
786 2016 1062 2097 vigesimae
1106 2042 1271 2101 parva
1312 2030 1373 2081 ὅ(

90 2098 247 2157 exilis
275 2099 570 2160 hereditas,
624 2099 892 2180 Denique
918 2124 990 2160 ne
1017 2099 1177 2161 suum
1207 2101 1372 2164 saecu-

88 2179 212 2241 lum
239 2182 491 2265 priorum
525 2205 847 2265 temporum
875 2185 1176 2246 acerbitate
1206 2208 1375 2253 nota-2.

88 2287 274 2339 retur,
313 2267 516 2349 adjecit
539 2318 554 2342 ,
597 2290 658 2328 ut
686 2268 783 2349 qui
806 2267 1084 2350 ejusmodi
1110 2294 1176 2331 ex
1201 2271 1372 2331 causis

87 2349 151 2408 in
174 2350 329 2411 diem
352 2352 521 2412 edicti
539 2351 870 2436 vigefimam
895 2354 1169 2414 deberent
1186 2403 1202 2427 ,
1228 2380 1371 2416 non-

94 2433 234 2493 dum
264 2459 456 2497 tamen
482 2436 792 2497 intuliffent
813 2485 829 2510 ‚
873 2461 988 2497 non
1017 2437 1307 2499 inferrent.

184 2520 338 2578 PAR1
369 2522 628 2603 aequitate
642 2571 658 2595 ‚
676 2545 746 2581 ne
762 2520 1018 2582 auditum
1037 2522 1271 2603 quidem
1293 2524 1372 2584 est

74 2604 388 2684 *majestatis
423 2607 639 2671 crimen
665 2653 685 2685 ,
725 2604 998 2690 fingulare
1037 2616 1095 2669 ὃς
1135 2607 1367 2671 unicum
