1672 3174
197 152 746 201 H1ST0R1ARUM
796 144 1043 206 No‘rAE.
1156 173 1271 228 309

15 251 23 256 ·
75 234 214 298 Operi
238 238 414 303 institit.
457 238 644 288 Relictis
667 243 788 289 enim
812 228 1058 309 Spin'arum
1084 249 1201 296 valle
1225 256 1273 297 δε

0 299 165 365 Βεορο
188 341 201 362 ,
233 305 308 351 ubi
347 303 547 368 primum
576 305 699 355 fuere
735 309 948 358 Romana
984 313 1153 373 castra,
1195 314 1270 363 sed

4 384 108 434 quae
139 367 323 433 longius
360 370 416 416 ab
449 369 783 436 Hierosolymis
822 375 1008 425 aberant
1037 415 1049 438 ,
1091 394 1138 426 ut
1167 380 1270 428 dic-

14 448 104 480 tum
137 434 204 480 est.
226 430 356 498 supra
384 433 502 481 Hist.
523 435 584 495 V,
617 454 634 482 1
662 475 674 496 ,
699 440 748 485 in
773 439 912 489 Notis
930 480 942 501 ,
966 443 1098 491 Titus
1124 448 1270 495 aciem

8 498 244 560 admovit3
282 516 476 566 eamque
519 503 724 551 instruxit
759 521 786 551 a
827 524 986 556 monte
1025 509 1272 561 Olivarum

0 581 84 623 ,ner
114 582 323 613 montem
347 565 570 614 Calvariae
590 567 646 614 ad
667 584 804 616 turres
830 574 968 638 usque
992 574 1270 640 Fsephinam

19 637 26 650 '
56 628 301 694 Hippicon
319 630 510 678 :deinde
524 632 581 679 ad
596 651 897 684 monumenta
913 636 1049 706 usque
1065 642 1272 693 Herodis

15 712 155 760 orope
180 695 720 762 piscinanmSerpentium
751 703 991 766 processit,
1032 708 1269 758 machinas

5 754 209 809 instruxit
228 801 240 821 ,
277 769 321 810 ὃς
344 767 747 829 oppugnationem
776 770 970 833 incoepit
995 771 1053 818 ad
1074 772 1271 824 joannis

19 826 230 875 oontificis
261 847 613 878 monumentum
649 833 722 881 die
755 852 810 881 22
836 835 1009 900 Aprilis
1031 876 1045 898 ,
1078 838 1271 907 Joseph.

15 893 114 940 xell.
137 892 244 945 Jud.
268 894 330 955 V,
354 915 378 942 2
396 934 408 955 ,
437 913 457 958 3
484 902 528 944 δε
557 905 601 945 6.

67 958 223 1007 Trans
240 958 522 1023 Euphraten.
557 963 653 1011 Dio
672 960 865 1026 LXVI,
890 985 999 1036 pag.
1015 979 1127 1029 746.
1145 971 1271 1023 Vide

10 1036 48 1070 ἰζ
62 1023 314 1090 Josephum
329 1066 340 1087 ,
357 1027 470 1076 Bell.
484 1028 696 1090 Jud.VI,
720 1038 745 1078 6
760 1069 773 1091 ,
791 1050 918 1082 num.
936 1054 978 1082 2.
998 1035 1268 1103 Euphrates,
1286 1043 1295 1051 ’

26 1089 228 1157 >odieque
245 1091 530 1153 l'Euplzrare.

65 1155 321 1208 Pietatem.
356 1158 436 1208 Ob
459 1159 682 1210 Paschatis
710 1160 1058 1214 solemnitatem.
1084 1166 1267 1218 Notum

27 1221 140 1269 -utim
171 1224 391 1273 immensa
423 1242 516 1275 tum
548 1231 814 1278 conveniret
845 1231 1110 1284 Judaeorum
1142 1238 1268 1284 mul-

16 1287 161 1336 tudO.
212 1289 334 1339 Vide
358 1292 455 1354 jam
486 1310 643 1342 notata
674 1293 806 1360 supra
840 1297 899 1345 ad
925 1298 1044 1346 Hist.
1065 1299 1128 1358 V,
1159 1320 1235 1366 13.

61 1352 266 1404 Primam
295 1357 490 1408 valuere.
525 1359 784 1426 josephus,
816 1363 932 1412 Bell.
970 1364 1078 1417 Jud.
1100 1365 1172 1428 V,
1206 1375 1235 1416 5
1250 1381 1269 1430 ,'

32 1437 126 1468 um.
150 1429 175 1468 6
202 1439 217 1482 3
252 1423 350 1471 Dio
369 1462 381 1483 ‚
421 1425 510 1473 loc.
547 1428 620 1474 cit.

66 1484 319 1538 Cuniculis.
375 1490 472 1538 Dio
501 1529 515 1550 ,
557 1491 668 1540 ibid.
723 1493 881 1558 Quam
916 1513 1066 1545 autem
1105 1499 1266 1548 caelum

37 1552 236 1620 tlumque
253 1555 732 1623 Hierosolymitanum
754 1561 1027 1612 siticulosum
1048 1563 1098 1612 fit
1113 1603 1126 1626 ,
1159 1584 1267 1621 omn¹

38 1617 129 1667 ibus
163 1637 466 1686 compertum.

46 1684 204 1746 ⁶Nosst‘r‘e
231 1687 447 1753 prolapffi.
485 1688 672 1755 joseph.
702 1692 818 1740 Bell.
845 1692 952 1746 Jud.
973 1694 1036 1756 V,
1069 1715 1126 1759 7,
1147 1715 1194 1747 n.
1222 1713 1267 1748 1.

63 1747 252 1800 Laevum
281 1753 506 1803 humerum
524 1757 696 1819 fizucii.
728 1759 824 1806 Dio
847 1799 860 1820 ,
893 1764 984 1809 loc.
1006 1766 1080 1811 cit.

64 1813 316 1878 Occupare.
352 1820 506 1870 Prima
529 1822 605 1869 illa
632 1841 736 1889 pars
767 1826 885 1874 urbis
907 1827 1264 1897 Hierosolymo-

43 1898 93 1928 m
126 1900 177 1930 ca
217 1900 259 1932 ta
294 1887 354 1933 est
390 1887 463 1935 die
492 1887 682 1952 septima
708 1891 870 1939 menfis
895 1893 1126 1944 Artemisii
1146 1935 1158 1955 ,
1188 1896 1264 1947 seu

46 1964 71 1994 e
107 1957 131 1995 6
227 1953 321 2011 aii,
367 1970 467 2018 quae
506 1969 599 2001 erat
639 1973 666 2001 a
707 1957 858 2019 coepta
908 1964 1265 2027 oppugnatione

46 2014 333 2065 tintadecima
352 2056 364 2077 ,
391 2017 579 2081 Joseph.
608 2019 722 2066 Bell.
756 2020 864 2071 Jud.
889 2022 952 2082 V,
972 2030 1034 2086 7',
1064 2044 1192 2076 num.
1217 2048 1261 2078 2..

57 2077 325 2146 Secqffierat.
362 2083 587 2149 ,Iosephus
622 2091 666 2132 ὃς
698 2086 834 2145 Dio,
871 2087 980 2139 ibid.

41 2209 186 2260 ¹¹CAP.
209 2210 397 2263 XXIX.
438 2212 722 2277 Dupliccztus
755 2235 934 2285 quoque.
978 2221 1115 2274 Tunc
1134 2229 1260 2277 enim

40 2293 240 2326 immune
295 2279 532 2329 discrimen
590 2285 859 2349 propulsare
912 2287 1101 2355 adgreffi
1159 2292 1260 2343 sunt

42 2358 198 2392 vannes
235 2350 279 2391 ὃς
309 2346 488 2396 Simon.
533 2348 615 2396 Ille
649 2369 703 2398 ex
734 2355 840 2399 turri
871 2353 1109 2418 Antonia,
1142 2360 1262 2424 Sep-

44 2411 268 2458 mtrionali
294 2415 476 2476 porticu
505 2416 662 2480 templi
686 2456 698 2476 ,
733 2424 776 2464 &
801 2418 1054 2470 Alexandri
1084 2442 1260 2472 monu-

51 2490 151 2523 ento
175 2478 426 2542 pugnabat.
464 2479 559 2532 Hic
577 2482 703 2542 juxta
725 2502 1080 2535 monumentum
1105 2488 1260 2540 „Ioan-

57 2555 98 2599 ἰ,
132 2547 178 2588 &
207 2544 388 2591 tenebat
411 2543 550 2611 usque
581 2546 637 2593 ad
666 2565 849 2612 portam
869 2588 881 2609 ,
918 2553 1006 2615 qua
1028 2555 1075 2599 in
1102 2558 1258 2606 turrim

50 2605 240 2672 ippicon
261 2627 381 2677 aqua
399 2611 710 2662 inducebatur.
747 2614 878 2665 Titus
899 2634 1050 2667 autem
1068 2621 1224 2670 locum
1245 2660 1260 2687 ‚
