1672 3174
317 158 442 225 '350
587 144 682 205 IN
751 139 1372 206 APPENnxcxn

103 266 297 297 m
387 239 631 306 Serapidis
665 242 715 294 ἓν
747 241 899 311 Isidis,
934 241 1055 293 Haec
1083 249 1129 292 δε
1160 243 1290 313 seqq.
1312 246 1428 295 Dio
1447 284 1461 307 ,
1497 241 1612 300 ibi&

103 323 157 368 A,
176 327 226 366 U.
247 329 303 369 c,
322 309 436 359 Inde
466 326 619 360 autem
647 326 774 376 patet
792 312 956 377 ignem
979 312 1182 361 maxime
1205 312 1387 361 saeviiffe
1411 315 1460 361 in
1481 318 1611 365 nona

145 399 255 456 833.

137 475 180 516 J.
213 476 249 518 c

154 543 236 599 80,

323 377 466 427 Urbis
493 380 702 446 regione.
760 377 833 429 Ibi
867 379 993 427 enim
1025 377 1105 428 sita
1134 378 1282 428 ferme
1315 384 1477 428 omnia
1511 380 1609 432 haec·

320 454 625 494 monumenta
647 463 662 507 3
697 460 746 493 ut
771 444 926 495 videre
947 446 1011 493 est
1029 444 1155 511 apud
1171 445 1225 495 P.
1243 446 1487 497 Victorem
1508 487 1522 509 ,
1555 447 1612 498 de

319 510 604 580 Regionibus
630 510 791 566 Urbis,
830 512 994 562 Manet
1029 512 1182 563 adhuc
1213 512 1458 563 Pantheon
1478 553 1491 576 ‚
1533 514 1611 565 sed

317 582 433 629 olim
473 576 619 627 multo
657 579 1030 647 magnificentius
1055 618 1069 641 ,
1107 586 1153 628 &
1189 582 1316 645 cujus
1354 583 1500 630 multa
1533 585 1610 632 vi·-

316 646 473 698 suntur
501 648 865 714 circumquaque
886 646 1065 696 rudera.
1099 647 1243 713 Septa
1260 664 1414 696 autem
1435 687 1448 709 ‚
1480 650 1614 698 locus

315 731 414 765 erat
449 716 499 763 in
527 712 718 780 Campo
747 714 921 764 Martio
954 714 1012 763 ad
1043 713 1258 763 habenda
1287 714 1486 764 Tributa
1507 715 1612 765 Co-

314 784 448 832 mitia
469 820 482 844 ,
518 799 659 849 quem
678 780 887 849 Lepidus
902 781 1215 849 undequaque
1235 782 1489 847 porticibus
1516 785 1612 832 cir-

314 844 571 900 eumdue‘tis
595 847 898 900 aedificaverat
916 888 929 911 ‚
951 850 1113 915 postea
1128 850 1349 916 Agrippa
1374 867 1610 907 marmore

315 924 363 966 δε
390 918 580 984 Ρίἃιιτίε
605 932 910 966 exornaverat
930 955 944 977 ,
977 915 1196 985 septaque
1218 915 1344 970 Julia
1372 918 1420 964 in
1445 916 1610 966 hono-

313 1000 415 1033 rem
435 984 635 1052 Augusti
657 985 1074 1053 cognominaverat
1096 1002 1112 1047 3
1148 999 1197 1033 ut
1221 983 1375 1032 videre
1395 985 1457 1032 est
1480 984 1607 1049 apud

313 1051 527 1102 Dionem
551 1051 698 1112 LIII,
731 1068 844 1118 pag.
871 1066 983 1112 512.
1017 1049 1088 1099 Ibi
1113 1051 1316 1116 populus
1337 1050 1397 1100 ad
1416 1050 1608 1102 ferenda

313 1118 530 1203 suffragia
555 1120 606 1167 in
631 1121 829 1168 comitiis
857 1116 1177 1169 conveniebat.
1212 1116 1454 1186 Quodque
1476 1119 1609 1168 locus

312 1188 521 1254 primum
541 1187 710 1254 ligneis
730 1186 947 1235 cancellis
964 1224 977 1246 ,
990 1186 1154 1252 postea
1171 1187 1441 1235 marmoreis
1460 1184 1609 1236 fuisset

314 1254 466 1320 septus
486 1293 500 1315 ,
533 1250 662 1320 septa
704 1253 826 1302 dista
869 1251 985 1302 sunt.
1038 1252 1366 1302 Diribitorium
1412 1269 1568 1302 autem
1595 1291 1610 1316 ,

315 1339 392 1370 ma
431 1320 619 1370 nificum
652 1320 804 1370 adhuc
834 1337 954 1388 opus
981 1319 1038 1368 ab
1058 1320 1277 1387 Agrippa
1299 1317 1571 1370 inchoatum
1592 1358 1609 1382 ,

316 1388 375 1438 ab
441 1388 605 1456 ugusto
625 1387 883 1437 absolutum
896 1386 1097 1452 ;·domus
1113 1387 1201 1436 fuit
1217 1405 1376 1436 earum
1393 1389 1610 1438 omnium

316 1473 420 1524 quae
461 1472 687 1525 umquam
725 1473 822 1506 uno
863 1456 1066 1505 culmine
1110 1452 1293 1504 fuissent
1316 1494 1330 1517 ,
1366 1457 1570 1505 maxima
1591 1475 1606 1504 ι

315 1523 452 1572 omni
475 1524 571 1586 ejus
598 1525 720 1574 tecto
741 1523 894 1575 diruto
913 1562 927 1586 ‚
942 1525 1051 1592 quia
1071 1521 1216 1572 rursus
1237 1524 1467 1572 committi
1488 1525 1611 1573 inter

316 1590 362 1640 se
380 1609 478 1640 non
498 1595 680 1658 potuit,
701 1608 864 1660 aperto
885 1591 1071 1658 fastigio
1091 1588 1458 1658 conspiciebatur
1477 1606 1609 1640 aetate

313 1658 488 1708 Dionis
512 1698 525 1720 ,
558 1677 606 1709 ut
636 1661 818 1710 testatur
846 1658 943 1726 ipse
973 1658 1074 1708 Dio
1099 1658 1212 1720 LV,
1241 1675 1355 1727 pag.
1377 1674 1487 1724 553.
1533 1657 1609 1709 Ut

312 1726 598 1794 intelligatur
635 1728 732 1791 ejus
775 1725 1051 1796 magnitudo
1074 1764 1087 1788 ‚
1126 1724 1227 1776 satis
1262 1725 1314 1776 fit
1351 1723 1608 1775 observasse

315 1790 445 1841 fuiffe
473 1810 601 1843 aetate
627 1795 767 1844 Plinii
796 1797 844 1842 in
870 1794 1124 1859 porticibus
1157 1792 1392 1859 septorum
1429 1793 1607 1842 trabem

313 1877 343 1908 e
366 1861 504 1910 larice
521 1900 535 1922 ‚
557 1879 584 1909 a
602 1859 672 1908 Μ.
689 1861 910 1927 Agrippa
937 1860 1144 1908 relictam
1163 1897 1176 1920 ‚
1202 1877 1302 1926 quae
1322 1859 1603 1909 Diribitorio

311 1924 629 1994 superfuerat,
668 1929 863 1993 longam
895 1923 1036 1992 pedes
1072 1941 1225 1973 Lxxx
1253 1965 1266 1987 ‚
1301 1923 1375 1975 ses
1399 1924 1603 1992 uipedali

315 1992 604 2044 craffitudine
622 2013 635 2057 3
654 2010 703 2044 ut
725 1993 878 2042 videre
903 1994 964 2041 est
987 1992 1112 2059 apud
1132 1991 1336 2042 Plinium
1408 1993 1505 2052 VI,
1525 2010 1611 2051 40.

314 2063 372 2110 In
396 2062 673 2112 Diribitorio
703 2059 999 2110 censebantur
1021 2061 1186 2108 milites
1211 2098 1225 2120 ‚
1268 2066 1312 2108 δε
1336 2060 1424 2109 illis
1449 2056 1606 2108 solve-

314 2130 481 2179 bantur
500 2129 739 2198 stipendia.
765 2127 880 2177 Inde
900 2146 1075 2176 nomen
1090 2128 1349 2177 Diribitorii
1370 2166 1382 2188 ,
1411 2145 1438 2175 a
1461 2128 1605 2175 verbo

315 2197 511 2247 diribere
537 2238 550 2260 ‚
583 2198 629 2246 id
666 2199 727 2246 est
764 2197 1062 2259 distribuere3
1101 2211 1148 2244 ut
1184 2197 1276 2256 jam
1303 2194 1413 2245 alias
1448 2193 1607 2243 obser-

314 2268 539 2313 vavimus,
595 2265 764 2314 Cetera
803 2280 959 2324 autem
1000 2279 1306 2313 monumenta
1327 2302 1341 2325 ‚
1387 2278 1496 2312 tunc
1529 2263 1606 2312 in-

316 2330 449 2381 censa
469 2372 481 2393 ‚
522 2331 622 2381 satis
653 2349 763 2381 nota
794 2331 908 2381 sunt.

382 2398 679 2464 Pestilentiae.
705 2401 827 2449 Suet.
849 2403 897 2447 in
925 2398 1022 2448 Tit.
1045 2416 1148 2465 cap.
1176 2402 1221 2446 8.
1252 2395 1413 2446 Aurel.
1434 2395 1604 2446 Victor

311 2468 362 2515 {n
385 2466 620 2532 Epitome.
665 2467 808 2516 Hauc
834 2466 1021 2534 quidem
1050 2466 1356 2532 pestilentiam
1381 2462 1599 2512 Eusebius

313 2535 363 2582 in
395 2533 618 2583 Chronic.
641 2534 790 2599 ejusve
821 2536 991 2582 librarii
1020 2532 1097 2582 sub
1119 2530 1390 2598 Vespasiani
1415 2530 1600 2579 Princi-

313 2617 427 2665 patu
474 2603 666 2651 retulere
699 2622 711 2665 3
772 2600 846 2651 sed
889 2619 1135 2667 perperam
1169 2639 1182 2662 ‚
1235 2616 1283 2648 ut
1326 2598 1503 2647 constat
1543 2615 1598 2645 ex
1630 2599 1632 2602 ’

313 2669 539 2722 Suetonio
561 2670 816 2725 &Vic'tore
835 2710 853 2739 ‚
876 2669 1015 2720 Plinii
1039 2684 1228 2738 quoque
1249 2666 1429 2719 lilentio
1445 2703 1459 2729 ,
1487 2665 1599 2732 qui,
