1672 3174
266 155 389 208 404
526 132 1303 193 INAPPENDICEM

269 233 437 281 abhinc
486 237 619 282 annis
656 234 704 279 in
746 231 873 299 regia
917 233 1028 281 urbe
1068 231 1314 283 Pekinenfi
1356 231 1549 301 ipsoque

55 313 173 355 A.U.
195 315 241 354 c,
270 300 566 365 Imperatoris
600 299 774 364 palatio
810 299 1007 376 degunt.
1052 299 1198 348 Porro
1237 302 1439 367 optimus
1473 301 1552 348 ille

96 389 204 439 857.

32 522 37 525 ι
93 466 135 505 J.
164 466 216 505 C.

57 593 61 597 A
111 544 218 590 104.

272 366 519 432 Princeps,
541 365 813 415 Christianis
826 369 1019 414 minime
1036 365 1237 415 infensus
1253 406 1266 428 ,
1285 367 1384 416 finit
1399 383 1553 416 tamen

275 432 586 493 Christianos,
618 431 819 481 maxime
840 435 890 481 in
911 435 1166 500 provinciis
1191 473 1204 495 ‚
1239 436 1427 496 vexari,
1462 430 1557 482 dis-

273 501 501 562 cruciari3
542 506 586 547 &
615 497 802 566 singulis
833 498 979 549 ferme
1007 503 1139 548 annis
1169 501 1307 549 exilio
1328 539 1341 562 ,
1374 515 1524 549 morte
1543 538 1557 560 ,

271 566 506 631 suppliciis
526 568 575 614 in
597 565 894 625 eossaevitum
914 566 1004 615 esse
1022 569 1290 632 accipimus.
1304 567 1409 616 Nec
1428 566 1559 614 soli:a

272 630 452 681 tantum
476 670 490 693 ‚
522 631 596 681 sed
619 650 742 681 nova
763 671 775 694 ‚
813 639 855 681 ὃς
890 633 1093 682 moribus
1120 633 1383 681 Sinenfibus
1416 633 1559 681 vehe-

272 715 453 748 menter
480 702 789 766 repugnantia
808 739 820 762 ,
849 716 1078 749 tormenta
1100 700 1389 749 adhibentur.
1415 699 1560 747 Man-

274 767 545 815 <latinorum
594 767 726 814 multi
762 806 778 830 ,
836 767 1050 835 neglefia
1094 766 1354 815 Sinenslum
1399 768 1559 833 legum

272 835 485 900 aequitatc
521 839 567 881 ὃς
604 834 846 882 clementia
871 872 883 895 ‚
919 837 967 883 in
1005 831 1292 882 Christianos
1334 832 1563 900 quidquid

272 900 499 948 horridius
551 901 867 967 imaginantur
888 939 901 961 ‚
940 916 1166 948 exercent.
1218 900 1395 948 Eorum
1445 917 1561 948 unus

273 985 425 1032 nuper
463 963 577 1015 visus
615 969 678 1014 est
711 1005 723 1027 ‚
781 970 861 1034 qui
897 968 1102 1032 puellam
1140 965 1452 1015 Christianam
1483 967 1561 1014 sub

273 1034 434 1101 plant&
464 1033 635 1099 pedum
665 1033 852 1082 fustibus
882 1033 991 1083 caedi
1021 1031 1217 1094 jusserit:
1252 1033 1381 1101 quod
1399 1034 1563 1081 Sinen-

276 1102 390 1149 sibus
409 1100 664 1149 inauditum
687 1141 699 1163 ,
737 1103 905 1169 vixque
924 1100 1139 1149 credibile
1164 1101 1241 1148 est.
1273 1100 1420 1164 Quod
1440 1117 1566 1149 nunc

277 1167 356 1216 sub
383 1166 682 1233 Kien-Long
712 1169 838 1234 viget
867 1206 880 1228 ,
916 1168 1039 1216 idem
1071 1168 1221 1215 nostr&
1261 1183 1388 1216 aetate
1420 1169 1565 1234 viguit

277 1234 356 1284 sub
401 1235 495 1296 ejus
543 1252 634 1282 avo*
670 1232 890 1300 Kartg-hi
917 1274 931 1296 ‚
979 1236 1183 1281 maximo
1221 1233 1473 1299 Principe,
1517 1240 1564 1281 &

277 1300 551 1350 Christianis
572 1300 856 1349 amicissimo.
894 1300 1022 1349 Idem
1046 1302 1194 1367 viguit
1217 1298 1292 1348 sub
1322 1302 1419 1362 ejus
1438 1317 1569 1366 patre

281 1365 639 1433 Yong—Tclzing
663 1405 677 1428 ‚
719 1368 846 1415 bono
883 1367 1099 1432 Principe
1125 1405 1137 1426 ,
1180 1366 1452 1415 Christianis
1490 1369 1570 1414 in-

280 1433 407 1482 fenso
424 1473 436 1494 ,
461 1432 565 1481 licet
587 1433 808 1501 quosdam
833 1432 909 1482 suo
933 1437 980 1482 in
1002 1434 1176 1500 palatio
1197 1433 1386 1483 haberet
1407 1473 1419 1495 ‚
1451 1452 1568 1501 quos

283 1508 326 1549 ὃς
361 1500 542 1549 honore
567 1507 611 1548 &
645 1501 844 1550 amicitia
872 1499 1239 1569 prosequeretur.
1290 1501 1420 1565 Quid
1454 1519 1568 1569 ergo

281 1586 407 1616 nunc
442 1568 497 1616 de
524 1567 848 1618 Romanorum
876 1568 1159 1636 temporibus
1191 1566 1572 1637 principibusque

281 1635 568 1684 difficultates
587 1635 994 1697 comminiscimur,
1010 1634 1115 1684 crim
1133 1636 1295 1704 eadem
1313 1636 1401 1685 hac
1416 1638 1569 1685 nostra

282 1718 411 1751 aetate
431 1720 457 1751 a
474 1702 736 1751 Sinensibus
756 1703 1114 1769 Imperator-ibus
1136 1702 1236 1752 fieri
1256 1720 1333 1752 aut
1350 1703 1572 1764 videmus,

279 1786 361 1817 aut
381 1772 632 1833 accipimus
650 1782 662 1818 ἓ
692 1770 804 1818 Inde
820 1769 974 1834 potitis
995 1768 1279 1818 sanffltatem
1298 1769 1570 1818 Christianae

283 1837 523 1902 religionis
557 1837 843 1883 aestimemus.
893 1834 1119 1884 Obruitur
1154 1834 1388 1901 fiappliciis
1413 1876 1426 1897 ,
1461 1839 1571 1905 qui-a

282 1904 510 1951 innocens
547 1902 625 1949 est.
677 1901 942 1951 Maximum
973 1903 1097 1949 enim
1127 1901 1269 1950 scelus
1296 1903 1358 1949 est
1380 1941 1392 1962 ‚
1427 1905 1574 1950 inno-

283 1972 451 2017 centia.
498 1968 682 2017 Scelera
714 1967 997 2017 confessione
1033 1983 1283 2036 utcumque
1315 1971 1575 2034 expiantur.

285 2033 525 2085 Confeffio
567 2037 846 2084 innocentiae
869 2073 883 2097 ‚
925 2035 1107 2096 irritat3
1146 2040 1190 2082 &
1236 2054 1269 2083 n
1363 2052 1410 2083 re
1447 2035 1572 2084 suam

283 2103 604 2152 innocentiam
624 2102 749 2150 haud
767 2103 888 2151 licet.
913 2100 1031 2150 Haec
1054 2104 1171 2150 inter
1183 2052 1421 2152 torffita
1442 2103 1574 2152 durat

287 2168 536 2232 crescitque
552 2168 814 2214 Christiana
833 2169 997 2232 religio
1017 2207 1029 2226 ‚
1056 2170 1165 2232 quia
1197 2171 1425 2232 propitius
1450 2170 1574 2218 adest
1633 2199 1636 2204 ·

286 2232 418 2282 Deus
463 2231 733 2280 Christianae
773 2233 1012 2299 religionis
1059 2234 1255 2295 exuitor,
1295 2238 1573 2284 innocentiae

288 2299 422 2349 dator
454 2304 498 2345 &
531 2298 666 2346 ultor.

357 2363 618 2430 Aliquando
638 2363 779 2428 forte'.
808 2363 1173 2415 Venerationem
1195 2363 1316 2413 hanc
1340 2363 1573 2432 fidemque

287 2432 488 2480 obtinuit
534 2426 611 2479 sub
653 2431 961 2480 Constantino
999 2430 1183 2496 Magno
1212 2469 1225 2493 ,
1267 2448 1392 2480 anno
1426 2432 1571 2481 Urbis
1634 2437 1658 2463 Γ

290 2498 487 2547 conditae
513 2515 670 2547 MLXV
689 2537 701 2559 ,
733 2497 839 2550 Jesu
864 2498 1033 2548 Christi
1065 2513 1178 2561 3¹2·

358 2562 646 2615 Decebalum
659 2564 808 2631 pac‘ffis
831 2564 880 2619 &³
905 2562 1157 2622 conventis,
1191 2563 1291 2619 Dio
1322 2564 1572 2633 LXVIII,
1644 2540 1647 2545 ¹

292 2649 405 2699 pag·
438 2649 552 2693 774·
