1720 3184
228 133 1035 204 DoMirrAnUS.
1188 165 1308 226 117‘

29 246 317 323 conjectus
348 287 364 313 ‚
408 265 540 300 mox
567 243 934 327 interemptus
962 247 1052 304 est.
1114 248 1181 306 In
1217 249 1300 310 his
1320 277 1528 304 τῖε-τη

31 347 357 407 temporum
378 325 767 386 acerbitatibus
785 375 802 399 ‚
829 328 1005 387 auditi
1026 327 1152 389 snnt
1174 355 1301 390 mo-
1318 336 1368 375 A.
1389 338 1439 375 U·
1459 337 1514 382 C·

36 431 122 468 tus
144 412 518 467 Sarmatarum
542 455 559 481 ‚
600 411 698 489 qui
727 410 1016 491 legionem
1050 437 1178 472 curn
1219 416 1302 476 le-
1364 412 1474 462 846.

37 513 166 574 gato
190 490 521 550 ceciderant.
543 494 666 551 Huc
692 495 874 552 tendit
899 497 1174 578 Princeps,
1196 503 1267 559 Et
1286 549 1302 573 ‚
1364 492 1401 530 ³·
1434 491 1485 532 C.

33 573 128 634 seu
155 574 310 632 vistis
337 574 609 647 hostibus,
634 574 728 635 seu
749 576 888 634 fictis
911 579 1155 640 vi&miis
1181 630 1197 654 ‚
1224 585 1305 644 uti
1375 575 1457 622 93.

35 663 152 738 jam
174 658 297 715 ante
316 704 332 728 ‚
355 656 666 718 ludificatus
685 706 702 731 ,
727 659 975 720 lauream
991 663 1024 724 J
1027 665 1119 722 ovi
1143 669 1310 750 Capi-

37 739 215 799 tolino
241 739 446 801 retulit.

118 825 189 881 L.
221 825 276 882 N
295 846 330 881 o
351 847 388 881 N
407 849 425 883 1
446 847 481 882 o
514 826 808 907 Torquato
840 826 1154 911 Asprenate
1177 877 1194 903 ,
1237 834 1310 892 T.
1330 859 1525 886 m

38 906 223 965 Sextio
246 908 447 989 Magio
471 911 753 969 Laterano
779 911 1112 973 consulibus.
1150 916 1312 975 Prin-
1330 917 1380 957 A.
1398 920 1450 958 U·
1471 917 1521 960 C·

39 989 173 1071 cipis
198 987 398 1050 saevitia
419 1039 435 1064 ‚
467 1017 570 1052 nec
596 994 746 1054 bello
763 1043 779 1067 ‚
817 1019 921 1055 nec
943 999 1182 1058 victoriae
1204 998 1310 1059 sol-
1376 996 1486 1046 847-

36 1071 319 1133 lemnibus
362 1075 584 1135 remissa
609 1124 626 1149 ,
661 1079 964 1159 impietatis
1006 1082 1308 1144 accusatio·
1370 1075 1411 1115 J·
1437 1075 1495 1124 C(

34 1155 200 1215 nibus
223 1157 486 1219 adcrevit.
502 1163 777 1244 Praecipua
801 1164 935 1223 mali
959 1165 1114 1225 causa
1130 1166 1315 1228 Maffa
1389 1163 1415 1203 9
1421 1165 1469 1208 4¹

35 1239 239 1299 Bebius
261 1288 279 1314 ,
310 1240 467 1325 supra
491 1267 852 1306 memoratus.
878 1251 929 1307 Is
951 1247 1132 1310 fuerat
1154 1251 1315 1311 dam-

36 1343 197 1382 natus
220 1372 237 1396 ,
279 1325 497 1386 causam
522 1330 857 1390 Baeticorum
885 1335 1170 1395 orantibus
1200 1341 1314 1397 He-

41 1407 239 1466 tennio
258 1410 565 1471 Senecione
582 1421 638 1473 δέ
651 1413 835 1474 Plinio
854 1441 866 1473 ε
888 1417 1113 1499 ejusque
1131 1420 1277 1480 bona
1297 1471 1317 1497 ‚

41 1509 105 1549 ut
134 1490 355 1573 publice
378 1496 783 1557 custodirentur
803 1547 818 1571 ,
857 1499 1105 1582 seposita.
1144 1507 1321 1566 Sene·-

44 1573 132 1633 cio
152 1621 168 1645 ‚
195 1574 333 1634 dum
351 1625 367 1648 ‚
401 1580 580 1648 nimio
602 1581 662 1639 in
688 1582 917 1643 clientes
941 1587 1321 1667 provinciam-

45 1678 155 1738 que
208 1660 384 1718 studio
420 1709 436 1733 ‚
494 1664 642 1744 apud
689 1665 939 1726 consules
988 1670 1148 1730 instat
1175 1720 1191 1745 ‚
1246 1697 1321 1735 ne

46 1741 502 1823 postulationibus
544 1770 741 1808 vacent
764 1798 780 1822 ,
818 1751 996 1812 irritat
1032 1755 1276 1816 Massam
1301 1806 1319 1831 ‚

45 1823 144 1904 qui
177 1847 308 1884 eum
344 1829 648 1912 impietatis
681 1834 916 1914 postnlat
937 1883 953 1907 ,
997 1840 1154 1918 quod
1177 1841 1322 1901 Pris-

47 1929 178 1966 cum
200 1910 532 1971 Helvidium
558 1915 841 1977 laadaffet.
878 1918 952 1977 Ea
975 1922 1325 1987 accusatione

47 1991 320 2072 perculsus
342 2041 358 2064 ‚
387 1997 593 2055 occisus
619 2000 709 2057 est.
742 2004 844 2058 Par
865 2002 1021 2061 causa
1043 2051 1058 2076 ‚
1096 2008 1324 2068 eadem-

48 2095 160 2153 que
211 2077 368 2135 ruina
414 2079 732 2140 Arulenum
782 2085 1071 2144 Rusticum
1125 2094 1323 2172 traxit3

50 2157 215 2237 eique
251 2161 482 2239 capitale
517 2161 663 2236 fnit,
706 2167 861 2246 qnod
898 2172 1030 2228 Paeti
1065 2174 1326 2236 Thraseae

49 2239 224 2298 vitam
245 2241 527 2325 scripfiffet
552 2296 569 2319 ‚
609 2250 905 2330 virumque
927 2251 1326 2320 sanetiffimum

51 2323 385 2403 appellaffet.
438 2331 557 2390 Nec
586 2332 644 2390 in
667 2332 806 2413 ipsos
837 2337 1013 2396 modo
1045 2346 1323 2416 ειῑῐᾶοῑες,

50 2402 148 2463 sed
187 2407 247 2465 in
294 2409 463 2470 libros
511 2438 737 2496 quoque
788 2441 984 2478 eorum
1034 2423 1279 2485 saevitum
1303 2475 1321 2500 ,

55 2486 314 2570 delegato
365 2497 669 2557 triumviris
722 2502 1028 2564 ministerio
1069 2554 1086 2577 ,
1150 2532 1211 2568 ut
1260 2511 1323 2569 in

52 2574 288 2642 ‚comitio
323 2600 383 2638 ac
419 2578 544 2641 foro
583 2605 887 2666 uterentur.
941 2589 1160 2653 Eodem
1200 2593 1325 2657 casu
