1672 3174
345 151 463 210 314
559 125 630 185 IN
681 128 1161 186 SUPPLEMENTUM
1206 123 1332 182 Lm.
1364 121 1457 194 N.

408 214 630 292 Projecit.
666 224 897 300 Josephus
920 260 933 282 ,
966 220 1078 269 ibid.

406 294 476 346 Ur
513 306 876 342 memoravzmuS.
930 286 1058 337 Cfim
1099 286 1308 342 Joannes
1348 302 1512 337 terram
1549 288 1631 340 sub*

340 361 587 429 aggeribus
620 358 847 408 Romanis
884 353 1044 406 effodit
1067 394 1081 417 ‚
1124 362 1179 405 ut‘
1206 355 1380 405 dicium
1406 357 1469 405 est
1497 355 1628 423 supr&

340 447 444 496 cap.
481 446 558 492 30.

408 491 614 544 Corruit.
652 488 880 555 Josephus
897 527 910 551 ,
944 488 1061 538 Bell.
1091 487 1200 542 Jud.
1214 489 1287 541 VI
1309 528 1324 550 ,
1351 507 1370 538 1
1390 528 1405 552 ,
1434 508 1562 540 num.
1584 509 1628 558 3.

405 559 673 609 Scruxerar.
695 555 923 622 Josephus
939 595 952 617 ‚
973 555 1324 617 Bell.Jud.VI‚
1351 574 1370 604 1
1395 595 1408 617 ,
1433 576 1560 607 num.
1580 578 1626 619 4.

405 625 631 675 Sabinus·
663 624 873 673 Natione
912 623 1053 690 Syrus
1084 661 1098 684 ,
1134 620 1327 691 joseph.
1366 623 1483 673 Bell.
1519 624 1626 679 Jud.

339 693 411 745 VI
433 731 447 754 9
488 712 506 742 1
534 731 548 755 ‚
581 709 710 740 num.
740 699 784 739 6.

405 759 556 827 AEgre
575 756 776 809 retrac‘li.
800 754 993 822 joseph.
1020 754 1130 804 ibid.
1168 754 1222 803 Id
1249 770 1400 804 autem
1433 759 1627 827 contigit

339 827 413 876 die
445 826 574 876 tertia
605 823 771 874 menfis
801 823 995 872 Panemi
1019 862 1031 884 ,
1064 822 1198 871 idest
1228 821 1301 870 die
1334 840 1393 886 30
1417 823 1564 877 Junii.

398 891 543 944 Sexto
567 889 921 959 oppugnationis
944 890 1016 939 die
1046 904 1201 950 capta.
1241 888 1320 936 Ad
1343 907 1626 958 expugnan-

338 960 446 1008 dam
480 961 641 1009 turrim
680 959 942 1007 Antoniam
979 958 1132 1005 struffl
1167 955 1270 1005 sunt
1309 973 1503 1023 aggeres
1539 976 1630 1024 pei:>

338 1027 433 1076 dies
468 1045 612 1076 unum
647 1033 693 1074 &
726 1025 920 1092 viginti,
962 1024 1010 1073 id
1034 1024 1097 1071 est
1123 1040 1150 1071 a
1178 1023 1251 1071 die
1276 1030 1303 1070 6
1326 1024 1383 1070 ad
1414 1024 1535 1073 diem
1563 1042 1624 1083 27

335 1094 481 1147 Junii.
501 1094 663 1143 Turris
681 1094 975 1159 oppugnatio
996 1106 1150 1156 coepta
1163 1128 1176 1150 ,
1193 1091 1346 1155 primo
1363 1089 1436 1138 die
1459 1091 1624 1140 menfis

335 1161 554 1223 Panemi‚
573 1159 648 1209 seu
671 1165 728 1208 28
750 1159 779 1213 J
785 1161 896 1208 unii.
918 1157 1069 1208 Biduo
1088 1159 1193 1223 post
1209 1156 1441 1206 infelicem
1462 1158 1624 1207 Sabini
1671 1208 1672 1211 ,

337 1227 518 1290 casum,
548 1227 597 1276 id
620 1229 684 1276 est
706 1226 778 1275 die
803 1246 826 1274 2
848 1225 960 1278 Julii
978 1263 991 1286 ,
1023 1225 1189 1290 viginti
1213 1224 1376 1272 milites
1394 1262 1407 1285 ,
1441 1227 1519 1292 qui
1541 1241 1626 1291 per

339 1312 536 1362 aggeres
561 1294 773 1343 excubias
804 1292 1004 1359 agebant
1021 1330 1033 1353 ‚
1062 1293 1210 1339 accito
1231 1292 1401 1358 quintae
1422 1291 1623 1359 legionis

335 1361 554 1429 fignifero
578 1401 590 1423 ,
626 1361 803 1410 duobus
834 1377 889 1407 ex
924 1359 996 1407 ala
1025 1360 1232 1425 equitum
1254 1396 1266 1417 ‚
1306 1363 1350 1404 δε
1378 1376 1473 1406 uno
1501 1359 1625 1407 tubi-

337 1426 469 1491 eine,
508 1427 624 1477 hora
653 1429 804 1476 nostis
827 1425 955 1475 nona
985 1443 1168 1473 murum
1191 1422 1459 1489 superavere
1483 1444 1492 1473 :
1529 1426 1622 1473 ob-

337 1495 564 1545 truncatis
589 1513 645 1544 ue
665 1534 678 1557 ‚
715 1496 795 1562 qui
825 1491 1031 1559 primum
1063 1506 1394 1552 occurrerunt,
1432 1491 1621 1542 somno-

333 1565 471 1612 lentis
492 1562 553 1617 Ju
590 1564 662 1611 aeis
691 1560 949 1610 custodibus
965 1599 978 1620 ‚
1011 1558 1206 1607 buccina
1230 1560 1484 1608 concinunt
1507 1579 1518 1608 ε
1550 1577 1625 1608 re-

283 1645 288 1647 ·
334 1632 451 1697 liqui
472 1628 678 1679 custodes
699 1627 849 1682 Judaei
875 1626 1122 1692 diffugiunt
1147 1626 1306 1674 territi.
1345 1624 1478 1675 Titus
1494 1666 1507 1687 ‚
1541 1645 1624 1676 au·-

338 1697 434 1745 dito
451 1697 582 1764 figno
597 1735 610 1758 ‚
631 1697 799 1744 armari
816 1693 1018 1761 propere
1035 1694 1283 1742 exercitum
1304 1692 1451 1754 jubet:
1476 1695 1623 1743 statim

334 1762 433 1829 ipse
464 1782 569 1813 cum
600 1761 787 1811 ducibus
820 1762 1032 1827 lecffique
1067 1778 1211 1808 manu
1244 1758 1400 1808 adstat.
1455 1759 1623 1810 Ferme

335 1844 617 1897 occupatum
641 1829 881 1894 templum.
920 1827 986 1874 At
1013 1826 1130 1874 illud
1153 1843 1179 1873 a
1206 1825 1431 1874 Romanis
1457 1828 1620 1878 violari

333 1896 730 1962 perhorrescentes
756 1893 902 1948 Judaei
924 1931 937 1953 ‚
973 1890 1204 1940 resumunt
1232 1894 1432 1942 animos.
1470 1893 1623 1942 Acer··›

333 1963 453 2012 rime
483 1978 703 2012 certatum
725 1979 752 2010 a
773 1960 900 2009 non&
930 1959 1079 2006 noetis
1109 1957 1225 2006 hora
1255 1958 1312 2006 ad
1342 1958 1508 2007 horam
1528 1960 1620 2011 diei

333 2030 578 2097 septimam
594 2069 607 2092 ,
629 2028 722 2096 qua
739 2025 846 2080 cum
866 2025 1092 2092 templum
1113 2027 1370 2092 expugnari
1390 2044 1486 2074 non
1507 2024 1616 2091 pos-

333 2098 398 2146 set
421 2137 433 2157 ‚
465 2112 693 2162 occupata
718 2093 896 2145 tannim
927 2094 1056 2143 turris
1083 2092 1295 2141 Antonia
1325 2091 1398 2140 die
1424 2110 1444 2156 3
1488 2093 1617 2147 Julii.

335 2163 527 2230 joseph.
556 2163 673 2213 Bell.
695 2162 803 2216 Jud.
825 2161 898 2212 VI
919 2199 932 2220 ,
973 2176 990 2209 1
1015 2199 1028 2221 ,
1067 2177 1197 2207 num.
1223 2176 1241 2207 1
1262 2198 1275 2220 ,
1305 2176 1325 2222 3
1361 2164 1405 2206 &
1429 2178 1476 2216 7.

403 2229 534 2279 Eam.
565 2231 756 2296 Septem
781 2227 938 2277 diebus
970 2225 1121 2275 eversa
1145 2227 1207 2275 est
1234 2227 1363 2273 turris
1389 2226 1632 2276 Antonia-1.

332 2298 409 2346 Sic
431 2316 586 2363 aequus
615 2296 821 2358 latusque
849 2294 907 2342 ad
930 2294 1156 2358 templum
1183 2290 1385 2341 ascensus
1411 2295 1613 2342 munitus
1670 2336 1672 2343 ,

333 2366 412 2412 est.
465 2361 655 2429 Joseph.
676 2364 792 2411 Bell.
813 2360 919 2414 Jud.
940 2358 1043 2419 VI,
1072 2379 1096 2406 2
1120 2398 1132 2419 ,
1155 2376 1283 2408 num.
1307 2376 1323 2406 1
1353 2364 1398 2405 ἅτ
1421 2377 1466 2417 7.
1501 2360 1611 2425 Sep·
1671 2358 1672 2364 ’

336 2447 428 2479 tem
464 2431 556 2479 dies
579 2469 590 2490 ‚
626 2430 786 2498 quibus
824 2427 952 2475 turris
979 2425 1189 2473 Antonia
1225 2422 1407 2486 eversa,
1439 2442 1615 2474 nume-¹
1669 2472 1672 2485 ,

335 2498 466 2546 randi
501 2496 602 2545 sunt
632 2514 658 2544 a
684 2496 755 2544 die
779 2515 809 2554 4
833 2494 887 2542 ad
927 2509 982 2540 10
1004 2492 1117 2545 Julii
1143 2492 1282 2542 diem.
1600 2492 1608 2499 ’“
1669 2491 1672 2500 “

399 2562 691 2626 Tentarique.
737 2558 986 2626 Missusque
1022 2558 1171 2607 adhuc
1212 2556 1442 2624 Josephus
1473 2597 1486 2619 ‚
1526 2558 1604 2626 qui

328 2628 512 2687 Judaeos
544 2630 852 2699 alloqueretur
872 2665 885 2690 ‚
915 2624 1142 2693 Josephus
1161 2663 1176 2687 ‚
1208 2624 1318 2674 ibid.
1341 2643 1470 2675 num.
1498 2642 1539 2675 1.
