1672 3174
153 160 455 203 ermeno
478 159 832 202 roercAM
875 139 1118 202 Nom:
1211 156 1328 223 351·

46 240 155 292 curn
175 242 345 291 horum
366 257 629 308 temporum
656 241 844 291 morbos
867 242 1110 309 diligenter
1131 241 1329 292 adnota-

1342 251 1540 284 w

50 310 195 369 verit,
230 324 323 358 tam
350 325 553 357 atrocem
578 309 702 357 luem
731 327 830 357 non
856 308 1083 358 omisisset.
1127 309 1205 358 De
1238 309 1325 360 hac
1344 314 1394 356 A.
1415 316 1464 355 U.
1482 314 1538 365 G,

48 377 176 443 peste
190 373 326 422 fufius
340 374 493 424 dixiin
507 377 662 440 priore
676 376 830 426 Taciti
843 375 1043 426 editione
1056 415 1069 439 ‚
1088 376 1234 425 Tom.
1254 377 1299 425 II
1312 416 1326 440 ‚

49 459 163 510 pao.
193 445 303 503 518.

113 483 448 558 'praetoriorum
465 504 667 571 suorum.
691 504 882 556 Sueton.
904 511 995 558 loc.
1019 511 1092 559 cit.
1112 509 1329 562 Praetoria

49 575 129 626 illa
157 572 343 625 Gallice
377 575 568 623 dicimus
586 611 598 634 ‚
633 571 712 622 des
732 575 927 640 mazfims
952 575 1167 644 Royales.

118 640 319 693 Genere.
354 642 546 691 Sueton.
568 639 676 688 ibid.

118 706 520 775 Mandatoresque.
543 706 859 758 Sueton.ibid.
885 707 1183 758 Mandatores
1203 709 1330 759 dice-

51 775 243 838 bantur,
275 779 355 844 qui
381 776 479 825 aliis
505 773 787 823 mandabant
803 814 817 837 ‚
853 790 902 824 ut
929 774 1178 824 delationes
1200 794 1334 826 exer-

49 858 220 892 cerent.

115 907 257 971 Eprio
293 906 539 958 Marcello.
592 905 727 956 Olim
769 906 1074 956 delationibus
1114 903 1335 969 famosog

51 977 212 1043 postea
244 976 370 1042 apud
402 972 737 1041 Vespafianum
765 973 1030 1039 Principem
1058 977 1257 1023 amicitia
1287 982 1336 1023 &

52 1044 322 1092 auetoritate
356 1043 612 1109 praecipuo·
660 1040 785 1093 Vide
818 1042 1079 1108 Dialogum
1112 1040 1168 1091 de
1199 1041 1335 1092 Orat.

53 1127 158 1177 cap.
190 1114 235 1160 8.

119 1175 284 1226 Certos
317 1191 479 1225 annos.
515 1172 706 1223 Sueton.
727 1170 841 1223 ibid.
875 1171 1010 1238 Quot
1028 1190 1175 1223 annos
1196 1171 1336 1224 Titus

52 1241 422 1292 determinaverit
461 1257 562 1289 non
600 1255 908 1305 compertum.
964 1238 1129 1291 Postea
1172 1240 1335 1293 Nerva

54 1313 429 1379 quinquennium
459 1308 612 1358 edicio
643 1308 807 1355 statuit.

117 1376 523 1440 Amphitheatrum.
563 1374 756 1422 Sueton.
796 1371 985 1431 inussit.
1023 1390 1125 1439 cap.
1156 1391 1218 1436 7,
1245 1372 1337 1423 ΜΠ.

0 1498 2 1500 ,
50 1440 330 1495 Vindobon.
375 1457 426 1491 ut
481 1443 578 1505 jam
627 1438 804 1489 dictum
852 1436 990 1506 supra
1044 1441 1105 1491 ad
1158 1458 1337 1492 annum

50 1507 121 1561 U·
143 1510 203 1560 C·
239 1514 350 1560 828·
387 1507 437 1564 J·
459 1507 519 1558 Co
550 1521 636 1569 75·

0 1603 1 1616 ι
117 1576 421 1644 Thermifilue.
446 1575 639 1625 Sueton.
653 1572 763 1623 ibid.
787 1570 986 1624 Manent
1008 1572 1159 1624 adhuc
1176 1591 1338 1625 earum

54 1643 338 1695 thermarum
358 1643 521 1692 rudera
550 1643 599 1691 in
630 1641 763 1690 vinea
797 1644 1152 1694 Canonicorum
1175 1641 1338 1691 Sancti

53 1711 178 1761 Petri
200 1710 259 1761 ad
277 1711 460 1762 vincula
474 1748 487 1772 ‚
509 1716 554 1758 &
576 1711 624 1757 in
643 1708 802 1757 vicinis
826 1711 970 1758 vineis
996 1708 1090 1760 Cll.
1111 1707 1268 1758 Loreti
1287 1715 1337 1758 &s

54 1776 303 1830 Gualtieri.
330 1778 394 1826 At
449 1776 541 1825 uod
559 1774 796 1841 pretiofius
820 1776 884 1823 est
902 1814 915 1837 ,
953 1777 1005 1824 iis
1024 1777 1073 1824 in
1099 1774 1338 1826 ruderibus

53 1861 243 1912 repertae
278 1843 378 1894 sunt
410 1794 643 1910 lquperiore
678 1840 842 1891 saeculo
878 1841 1076 1893 aediculae
1110 1844 1338 1911 integrae,

41 1912 281 1965 *veteribus
311 1928 449 1978 atque
479 1909 817 1975 elegantiffimis
848 1911 1037 1973 piCturis
1070 1926 1300 1959 exornatae
1321 1949 1339 1970 ,

93 1996 171 2027 uas
201 1976 399 2026 eruditus
437 1975 815 2023 Petrus-sanctes
849 1975 1026 2023 Bartoli
1059 1993 1159 2022 non
1195 1974 1342 2024 modo

56 1996 303 2095 delineavit
323 2084 335 2106 ‚
373 2042 446 2092 sed
472 2042 669 2107 propriis
697 2058 885 2109 quoque
911 2042 1061 2106 pinxit
1088 2042 1338 2091 coloribus.

55 2113 152 2162 111ae
178 2111 278 2161 sunt
309 2113 499 2177 picturae
521 2148 532 2170 ‚
564 2125 675 2176 quas
712 2109 864 2156 nostra
895 2107 980 2156 hac
1017 2123 1144 2156 aetate
1183 2108 1258 2159 Cl.
1279 2109 1339 2158 de

57 2180 233 2250 Caylus
264 2196 349 2227 aere
380 2175 521 2226 incidi
548 2173 839 2242 propriisque
874 2174 1103 2223 coloribus
1139 2178 1340 2242 exprimi

57 2248 265 2297 curavit:
305 2246 405 2295 illas
452 2246 657 2293 accurata
703 2250 743 2291 &
786 2243 988 2310 eleganti
1025 2243 1336 2308 explicatione

55 2315 292 2364 illustravit
313 2313 388 2363 Cl.
408 2312 634 2360 Mariette.
671 2310 864 2359 Librum
878 2350 888 2369 ‚
909 2329 1003 2379 quo
1023 2310 1171 2358 nullus
1193 2311 1335 2360 exstat

59 2380 404 2450 magnificentia
437 2387 481 2428 &
510 2384 690 2428 raritate
729 2380 959 2444 <triginta
993 2375 1171 2426 tantum
1210 2376 1338 2426 fuere

59 2450 375 2515 exemplaria)
399 2449 681 2514 praestantior
702 2485 713 2507 ‚
746 2445 928 2493 edidere
945 2463 1070 2493 anno
1098 2459 1217 2504 1757
1243 2443 1339 2492 CH.

61 2514 243 2565 Guerin
267 2523 311 2564 ὃς
332 2517 557 2566 Delatour
586 2514 675 2563 hoc
709 2513 838 2561 titulo
862 2532 872 2559 ε
912 2509 1100 2561 Recueil
1122 2509 1176 2558 de
1202 2509 1341 2572 pein-

60 2592 189 2632 tures
221 2583 428 2647 antiques
448 2623 463 2642 ,
512 2581 683 2631 imite'es
700 2579 966 2645 fidelemeszt
989 2594 1100 2639 pour
1134 2575 1199 2626 les
1231 2594 1335 2626 cou-

0 2647 16 2728 }
66 2647 188 2704 leurs
213 2648 262 2703 ὓ
276 2666 388 2714 pour
411 2648 451 2704 Ze
477 2648 619 2718 cruit,
655 2647 836 2712 d'apres
860 2646 925 2697 les
951 2643 1136 2714 deffeins
1151 2642 1337 2698 colorie's

1384 393 1494 449 833.

1385 473 1426 513 J.
1445 473 1499 514 C.

1407 549 1490 601 80.
