1672 3174
177 144 855 194 CHRONOLOGICAM
914 121 1152 188 Nom.
1247 146 1361 206 371·

0 267 4 277 .
143 227 354 281 Daciam
368 229 599 296 profecflus
619 229 694 297 est.
711 228 761 278 Si
780 243 952 278 veteres
972 227 1152 277 tanturn
1171 228 1366 298 scripto-
1389 261 1585 286 mx

0 295 3 299 ’
74 308 149 346 fes
169 297 378 347 consu-las
397 335 411 358 ,
445 299 589 346 multa
612 297 667 345 de
694 295 816 344 bello
835 296 1015 344 Dacico
1038 294 1365 349 desiderantur.
1389 315 1439 357 Α,
1460 319 1510 357 υ,
1530 317 1584 364 {21

76 363 194 412 Inde
221 381 277 412 ea
301 401 316 425 ‚
349 381 451 431 quae
474 380 598 411 nunc
620 364 926 428 percurrimus
957 378 1169 430 tempora
1189 403 1201 426 ‚
1241 368 1365 431 apud
1442 390 1554 442 354,

74 432 354 479 recentiores
385 429 626 497 scriptores
664 431 833 477 mirum
866 432 917 478 in
947 431 1139 480 modum
1172 433 1363 483 confusa
1426 463 1451 505 J
1499 463 1535 504 C

0 552 2 554 v
74 493 177 546 sunt
208 502 252 545 ὃς
283 497 474 547 turbata.
521 495 570 547 Si
603 495 894 545 attendissent
917 496 1010 544 hoc
1043 497 1216 547 bellum
1235 499 1365 549 fuiffe
1455 490 1468 504 ⁶
1540 488 1553 504 ⁸

0 563 4 575 '
77 563 293 611 traditum
327 582 430 612 non·
469 562 709 630 fugacibus
740 561 917 611 tantum
944 563 1169 613 librorum
1194 567 1333 616 literis
1353 606 1368 630 ,

15 681 17 689 ,
74 627 152 677 sed
170 631 320 680 vivaci
342 648 574 679 marmore
598 668 611 690 ‚
640 636 685 677 &
709 630 906 678 mirabili
927 648 1070 694 opere
1095 634 1370 702 anaglypti-

0 694 17 744 εὲ
74 712 235 745 carum
279 696 537 746 tabularum
574 696 822 746 Columnae
858 695 1109 759 Trajanae,
1161 718 1261 766 quae
1302 717 1372 751 tot

73 757 345 813 saeculorum
375 762 592 830 superstes
626 762 777 811 adhuc
808 765 858 811 in
888 762 1040 811 media
1074 765 1185 813 urbe
1215 767 1370 818 Roma

74 830 219 878 exstat
239 868 253 890 ‚
293 833 600 898 omniumque
633 830 779 877 oculis
805 836 849 877 δε
876 829 1173 880 admirationi
1203 850 1328 898 patet
1350 853 1370 897 ς

73 893 166 943 sese
192 913 248 944 ex
279 897 332 943 iis
356 934 369 956 ‚
404 898 568 964 quibus
594 895 768 944 haerent
786 932 799 955 ,
840 896 1116 963 ambagibus
1147 900 1369 949 extricas-

73 958 172 1011 sent
200 980 211 1009 τ
251 963 452 1011 maxime
478 1002 492 1024 ,
527 963 559 1010 fi
599 978 804 1012 veterum
845 979 1149 1012 nummorum
1183 972 1229 1013 ὃς
1264 966 1370 1015 Ins-

74 1029 360 1093 criptionurn
408 1028 599 1078 subsidia
646 1027 966 1078 adhibuissent.
1028 1029 1091 1079 Iis
1139 1031 1330 1082 ducibus
1353 1074 1367 1096 ‚

73 1093 248 1160 bellum
276 1096 507 1145 Dacicum
545 1096 826 1163 explanabO.
864 1095 931 1145 At
971 1093 1079 1145 cum
1119 1096 1237 1166 saepe
1269 1101 1369 1151 sum

0 1199 2 1207 .
73 1160 336 1210 laudaturus
360 1162 649 1212 Columnam
672 1162 930 1225 Trajanam
947 1199 961 1222 ,
986 1180 1140 1229 operae
1162 1169 1370 1232 pretium

72 1228 140 1277 est
158 1244 351 1277 monere
379 1247 454 1278 me
473 1227 598 1295 sequi
622 1229 888 1278 Romanam
915 1228 1198 1294 editionem,
1225 1251 1372 1301 quam

0 1321 2 1339 >
75 1311 135 1343 ex
159 1294 472 1344 delineatione
481 1294 812 1345 Petri-Sanffis
833 1295 1026 1357 Bartoli,
1045 1313 1151 1346 cum
1170 1299 1368 1350 adnotas-

79 1361 282 1410 tionibus
306 1361 541 1428 Alphonsr
561 1362 804 1412 Ciacconii
826 1367 870 1409 &
888 1361 1087 1414 Ioannis
1111 1363 1232 1414 Petri
1256 1367 1369 1416 Bel-

0 1429 5 1476 ζ
71 1428 192 1489 lori,
218 1427 426 1481 ,Ioannes
452 1428 655 1481 Jacobus
675 1427 800 1478 Roffi
820 1427 978 1476 edidit.
1017 1427 1226 1481 Colomza
1248 1431 1368 1482 Tra-

0 1550 3 1558 ,
70 1495 191 1562 jana
230 1494 345 1544 data
388 1495 437 1545 in
478 1494 579 1545 luce
615 1495 675 1544 da
712 1493 821 1544 Gio.
881 1492 1099 1545 Giacomo
1139 1496 1195 1547 de
1231 1497 1369 1566 Roffi.

73 1562 229 1612 Dacia
254 1579 406 1612 autem
429 1602 443 1626 ,
483 1580 584 1630 quae
607 1565 655 1610 in
685 1561 778 1609 hoc
809 1560 933 1609 bello
964 1564 1099 1611 toties
1131 1582 1369 1615 memora-

75 1629 198 1678 bitur
225 1669 241 1692 ‚
289 1648 414 1680 nunc
462 1628 510 1679 la
550 1626 908 1696 Tranfilvanie,
954 1626 1002 1677 Ia
1045 1627 1280 1695 Valakz’e,
1319 1633 1368 1685 la

75 1694 332 1747 Moldavie.

140 1760 480 1812 Commeatuum
514 1760 660 1824 copia.
701 1759 864 1826 Quam
887 1760 1044 1812 videre
1082 1763 1146 1811 est
1174 1764 1226 1812 in
1262 1763 1368 1814 Co-

0 1833 1 1837 ’
73 1829 236 1879 1ωηηὲι
272 1828 479 1892 Trajan&
502 1868 515 1889 ,
553 1826 676 1877 Tab.
705 1827 754 1888 I,
790 1846 919 1877 num.
951 1833 1007 1877 18
1030 1835 1076 1877 &
1102 1845 1179 1887 19.

145 1894 205 1943 In
234 1912 463 1958 pavorem.
491 1895 754 1955 Traianum
782 1899 910 1944 enim
940 1895 1179 1946 verebatur
1204 1894 1367 1946 Dece-

0 2002 1 2006 ,
76 1960 224 2010 balus.
256 1962 354 2009 Dio
377 1959 624 2019 LXVIII,
657 1976 769 2025 pag.
794 1978 908 2017 772·

0 2076 1 2082 ,
143 2025 410 2089 Τταηβκεᾶἰ
438 2038 724 2076 commeatus.
760 2024 986 2076 Column.
1015 2023 1210 2090 Trajan.
1241 2025 1365 2076 Tab.

0 2160 1 2190 ³
144 2159 387 2227 Trajeflus
418 2156 477 2226 est
503 2155 751 2210 exercitus.
775 2156 1000 2209 Column.
1026 2156 1222 2222 Trajan.
1242 2157 1368 2209 Tab.

0 2311 1 2322 ²
146 2291 556 2360 Consultationem.
590 2290 700 2340 Hac
724 2290 782 2340 cle
804 2308 854 2340 re
875 2291 1137 2355 Traianum
1165 2307 1252 2357 pro
1284 2292 1366 2339 tri·-

78 2359 236 2410 bunali
257 2400 271 2423 ‚
317 2378 424 2410 curn
458 2357 544 2408 suis
586 2358 774 2407 ducibus
811 2357 1143 2409 consultantem
1178 2357 1364 2407 exhibet

77 2428 320 2477 Columna
337 2426 547 2486 Traiana
566 2465 579 2487 ‚
612 2424 733 2473 Tab.
749 2424 838 2474 VI.

151 2492 567 2545 Suovetaurilibus.
596 2490 830 2541 Sacrificia
850 2507 978 2541 erant
998 2494 1047 2540 in
1068 2491 1230 2560 quibus
1258 2487 1327 2538 sus
1350 2527 1368 2551 ,

79 2561 182 2609 ovis
206 2600 219 2622 ,
251 2577 402 2610 taurus
435 2559 808 2608 immolabantur.
853 2557 1113 2619 Traianum
1134 2558 1203 2606 his
1226 2556 1363 2605 sacris

87 2644 360 2690 operantem
380 2626 534 2679 videre
558 2626 622 2674 est
646 2628 696 2678 in
716 2625 952 2676 Columna
969 2624 1175 2685 Traiana
1194 2664 1206 2685 ,
1238 2623 1366 2674 Tab.

79 2691 207 2769 ΝΗ,
1053 2690 1106 2756 Q
1141 2691 1191 2754 v}

49 226 70 235 -ι

1448 541 1560 578 101·
