1672 3174
205 137 733 183 HisromARUM
788 122 1036 188 NoTAE.
1168 154 1285 214 335²

0 219 46 267 ’δε
71 214 196 266 addit
218 235 230 264 τ
257 219 444 268 Caenam
467 217 603 270 trinis
615 221 842 286 ferculis,
870 241 951 274 aut
968 264 984 283 ,
1015 227 1114 275 cum
1137 229 1283 280 abun-

0 281 247 348 dantiffime‘
266 321 283 342 ,
304 284 437 347 finis
471 283 691 350 (Gallice
727 289 840 339 trois
869 307 930 366 ou·
931 289 1013 357 fix
1021 292 1275 358 services)

0 347 229 421 praebebat
251 387 268 411 ‚
302 363 352 396 ut
383 366 475 398 non
504 350 642 404 nimio
654 355 842 420 sumptu
865 395 882 417 ,
916 372 982 409 tta
996 359 1176 426 stimma
1206 378 1280 412 co-

0 427 177 464 mztate.

72 478 167 528 Seu
190 477 341 540 domi,
359 479 444 544 fleu
461 479 598 542 foris.
640 483 738 533 Dio
758 527 772 549 ‚
801 489 893 538 loc.
912 491 988 540 cit.

65 543 246 610 Jocosa.
298 546 489 596 Sueton.
530 548 642 601 ibid.
690 551 814 603 Erat
848 557 971 606 enim
1013 555 1274 612 dicacitatis

0 611 227 679 tplurimae.
758 634 763 635 ⁷

72 677 136 728 Et
162 678 422 747 indulgens.
463 681 654 733 Sueton.
683 687 733 733 in
762 685 955 751 Vespas.
985 705 1086 755 cap.
1115 709 1193 739 21.
1229 691 1280 742 A

0 744 170 796 balneo
199 745 247 795 in
274 747 525 797 triclinium
554 750 794 818 tranfibat.
836 754 941 804 Nec
966 754 1054 804 ullo
1087 770 1282 820 tempore

0 811 186 865 ‘facilior
209 848 225 869 ‚
262 828 343 862 aut
383 813 512 863 indul
546 817 692 867 entior
729 818 926 868 traditur
948 841 964 868 .·
1004 838 1143 887 eaque
1179 842 1280 873 mo-

13 894 159 927 'nenta
205 877 429 947 domestici
475 899 502 932 a
580 883 753 951 aliquid
796 886 1041 950 petendum
1088 890 1284 942 maxime*

17 943 268 1009 aptabant.
806 957 810 959 ’

75 1009 125 1061 V
121 1012 200 1060 itae
228 1025 374 1062 tenor.
415 1015 609 1065 Sueton.
638 1017 748 1067 ibid.
781 1024 826 1066 δε
853 1018 1013 1071 Aurel.
1042 1019 1210 1072 Vistor
1232 1025 1285 1073 in

0 1075 237 1152 Epitome.
282 1077 538 1146 Instituta-m
567 1088 671 1135 vero*
706 1084 928 1150 uniforme
957 1087 1076 1137 omni
1099 1088 1284 1152 imperio

22 1160 165 1196 enuit.

69 1275 194 1327 CAP.
215 1275 403 1327 XLIX.
442 1276 867 1346 Objurgationibus.
901 1283 1149 1354 Elatosque
1183 1289 1282 1353 ejus

23 1340 180 1408 fpiritus
202 1345 487 1411 deprimebat
502 1386 516 1406 ,
536 1348 642 1394 teste
661 1347 820 1398 Dione
834 1350 1030 1413 LXVI,
1043 1373 1155 1422 pag.
1169 1374 1281 1416 749.

27 1409 53 1460 s
53 1410 128 1459 ide
157 1418 202 1458 &
224 1412 497 1460 Suetonium
525 1415 576 1460 in
603 1413 863 1463 Domitian.
895 1435 998 1482 cap.
1024 1440 1068 1466 2.

66 1476 236 1538 Apidis
251 1477 412 1542 sacra.
447 1477 524 1527 De
580 1479 708 1528 uibus
729 1480 902 1531 diiium
921 1482 1052 1549 supi-zi
1077 1503 1177 1551 cap.
1197 1494 1277 1546 46.

66 1541 220 1609 Regni
254 1543 480 1602 cupidum.
588 1563 638 1594 os
667 1564 870 1598 rumores
904 1568 1133 1601 memorat
1163 1553 1281 1603 Sue-

31 1611 157 1658 onius
193 1612 240 1658 iu
275 1609 372 1658 Tit.
397 1627 500 1675 cap.
530 1626 571 1670 5.

64 1674 253 1725 Pariter
274 1675 533 1727 abduceret.
553 1677 670 1726 Haec
687 1683 848 1728 omnia
865 1683 1109 1733 Suetonius
1128 1724 1141 1745 ,
1168 1684 1278 1734 ibid.

64 1741 289 1807 Remiffae.
320 1740 512 1808 Joseph.
538 1744 654 1792 Bell.
676 1743 785 1796 Jud.
805 1747 898 1799 VII
918 1789 931 1810 ‚
962 1767 982 1810 5
1005 1791 1017 1812 ,
1048 1770 1173 1799 num.
1204 1770 1246 1813 3.

70 1805 231 1873 Argis,
263 1807 420 1876 Argos
439 1848 452 1870 ,
489 1810 592 1858 urbs
621 1809 798 1860 Ciliciae
819 1852 831 1874 ‚
855 1833 996 1882 quam
1017 1817 1281 1883 Stephanus

38 1891 60 1922 e
90 1873 288 1924 Urbibus
308 1913 324 1934 ‚
364 1877 427 1924 ait
453 1892 580 1924 aetate
607 1876 682 1924 suzi
714 1882 940 1944 appellari
969 1884 1279 1949 Ἀργειὲπολιν.

29 1939 162 2001 [ujus
214 1940 335 1988 urbis
379 1960 593 1989 nummos
634 1943 885 2005 publicavit
925 1948 1002 1995 Cl.
1045 1950 1243 1998 Peilerin
1264 1989 1279 2012 ,

30 2006 168 2055 ae'lan
207 2023 230 2055 e
253 2004 307 2054 de
328 2005 525 2071 diverses
542 2006 792 2057 Medailles
807 2049 823 2072 ‚
842 2010 986 2061 Tom.
1005 2015 1048 2072 I,
1071 2032 1182 2082 pag.
1201 2035 1280 2066 22.

68 2023 377 2134 Apoilonium.
396 2073 708 2139 Apollonium
725 2073 975 2143 Tyaneum
988 2119 1002 2143 ,
1020 2080 1279 2133 Philostrat-

44 2137 108 2189 Ἦ.
128 2139 358 2205 Apollon.
377 2140 450 2191 VI
467 2179 481 2201 ‚
515 2159 590 2203 30.

69 2205 379 2256 Demetrium.
424 2206 680 2256 Philostrat.
717 2208 827 2257 ibid.
863 2228 965 2277 cap.
989 2230 1063 2276 31.
1097 2214 1276 2265 Deme-

38 2273 140 2321 tium
159 2312 171 2333 ,
201 2271 435 2339 Cynicum
463 2272 794 2340 philosophum
814 2317 826 2337 ‚
855 2296 952 2325 non
975 2282 1036 2328 ita
1058 2284 1278 2331 constan-

40 2357 98 2386 vm
125 2341 272 2387 virum
298 2339 427 2388 fuisse
452 2340 644 2388 vidimus
670 2340 802 2407 supr&
829 2343 949 2392 Hist.
964 2345 1052 2407 IV,
1075 2365 1152 2404 40.
1181 2348 1275 2398 Sed

83 2405 343 2471 Apollonio
369 2413 413 2453 &
432 2406 674 2457 Demetrio
694 2411 796 2474 plus
815 2410 899 2460 fuit
919 2413 1232 2462 ostentationis
1255 2446 1275 2471 ‚

74 2470 145 2519 aim
173 2473 360 2521 virtutis.

49 2561 55 2572 ψ
69 2534 316 2591 Celeravit.
335 2539 470 2588 Titus
486 2537 715 2607 Rhegium
733 2579 748 2599 ,
772 2560 895 2591 nunc
920 2543 1121 2610 Rhegio,
1151 2542 1272 2591 dans

91 2602 291 2656 Calabre
324 2605 565 2657 ulte‘rieure
592 2644 612 2671 ,
654 2605 817 2660 dehinc
858 2608 1070 2661 Puteolos
1090 2648 1108 2670 ,
1145 2627 1273 2661 nunc
