1720 3184
322 161 437 212 106
533 149 943 214 APPENDnc
994 172 1523 217 CHRONOLOG..

313 253 537 314 Restitit
562 256 823 337 Princeps
847 300 862 325 ,
896 251 1143 313 infensus
1170 255 1465 315 virtutibus
1488 305 1505 329 ,
1543 264 1605 317 84

99 343 155 383 A.
175 345 226 382 U·
246 345 294 385 C0
319 339 498 423 gloria
526 339 631 398 viri
658 338 973 398 deterrituS.
1015 337 1136 422 Ipse
1160 363 1286 398 cum
1318 340 1603 399 immenso

148 415 258 467 842.

142 493 180 532 J.
202 493 254 533 C.

155 562 234 613 89.

319 446 514 506 paratu
545 421 804 482 adversus
828 423 1016 482 Dacos
1042 423 1406 505 proficiscitur
1428 472 1445 496 ,
1478 424 1602 484 bel-

319 510 440 566 lum
468 555 484 579 ‚
530 529 590 566 ut
615 507 840 566 rebatur
862 555 879 580 ,
912 507 1018 568 suis
1043 508 1293 590 auspiciis
1323 528 1604 591 reparatu-

317 615 425 651 rus,
466 592 825 673 Diurpaneus
850 638 866 664 ,
910 612 1128 652 tantam
1159 615 1451 652 armorum
1481 593 1602 652 vim

316 697 577 736 metuens
616 723 632 747 ‚
693 674 906 758 legatos
952 675 1102 734 misit
1132 724 1150 749 ,
1203 678 1300 758 qui
1347 677 1419 737 de
1465 698 1602 757 pace

312 781 563 844 agerent,
607 762 734 840 Ejus
763 760 1061 842 prudentia
1087 761 1416 819 Domitiani
1443 761 1604 820 vani-

313 867 493 905 tatem
534 844 766 904 inflavit.
834 847 886 903 Is
921 891 937 917 ‚
994 844 1188 928 spretis
1241 844 1438 926 legatis
1462 892 1479 917 ,
1527 867 1602 904 ne

314 931 450 990 dato
488 929 725 1010 quidem
762 927 1022 1011 responso
1046 978 1063 1001 ,
1108 930 1447 989 Cornelium
1474 927 1602 988 Fus-

314 1038 478 1088 cum,
505 1015 886 1096 praetoriarum
912 1013 1234 1072 cohortium
1257 1012 1604 1097 praefectum,

312 1098 468 1160 bello
509 1098 800 1183 praeponit.
857 1097 979 1156 Ubi
1015 1097 1349 1178 Diurpaneo
1389 1098 1452 1157 id
1492 1096 1604 1157 fuit:

312 1204 672 1268 compertum
688 1231 705 1255 ,
731 1182 938 1241 ducem
955 1182 1129 1241 Urbis
1151 1181 1367 1241 deliciis
1383 1231 1401 1255 ,
1427 1184 1602 1264 quam

308 1268 450 1329 belli
478 1268 687 1328 artibus
725 1266 1027 1327 meliorem
1063 1265 1263 1339 irrifit,
1308 1265 1604 1348 rursusque

309 1353 462 1413 :misit
493 1353 707 1435 legatos
725 1401 740 1425 ,
769 1351 866 1433 qui
892 1374 1089 1433 pacem
1116 1348 1386 1410 offerrent
1410 1398 1426 1422 ‚
1457 1351 1602 1410 dum

308 1439 593 1510 Romani,
614 1438 814 1497 harum
832 1456 1107 1494 terrarum
1122 1434 1319 1512 incolae
1337 1484 1352 1508 ,
1373 1434 1602 1517 singulis

306 1524 469 1582 annis
495 1522 658 1583 binos
684 1520 885 1580 obolos
912 1518 1220 1579 solverent:
1247 1517 1399 1579 secus
1423 1542 1604 1580 exter-

309 1608 556 1667 minium
604 1605 989 1664 minitabatur.
1059 1605 1431 1664 Domitianus
1470 1653 1486 1677 ,
1541 1626 1606 1664 ut

308 1715 484 1752 vanus
513 1741 528 1765 ‚
575 1689 645 1749 fic
691 1689 924 1773 periculi
973 1688 1207 1747 timidus
1234 1736 1250 1762 ,
1298 1690 1357 1748 in
1396 1687 1601 1749 Moefia

310 1777 525 1836 restitit.
547 1774 744 1834 Fuscus
763 1822 780 1846 ,
801 1774 1002 1853 junctis
1024 1773 1258 1832 navibus
1277 1773 1335 1831 in
1356 1773 1601 1833 modum

236 1864 238 1867 ’
309 1861 530 1945 ponti3‚
569 1858 907 1918 Danubium
934 1856 1234 1917 transmisit
1263 1881 1394 1916 cum
1422 1856 1604 1916 lectis·

309 1945 462 2004 simis
511 1943 788 2003 militibus
821 1967 836 2022 3
889 1943 1220 2023 hostemque
1278 1939 1557 2024 aggressus
1579 1990 1600 2015 ‚

307 2028 407 2090 sed
429 2031 548 2113 post
576 2049 805 2088 cruenta
830 2026 1028 2111 proelia
1051 2022 1334 2109 oppreffus
1355 2074 1371 2098 ,
1414 2046 1602 2086 teme-

306 2116 485 2173 ritatis
503 2137 692 2197 poenas
716 2112 838 2172 luit.
878 2113 1038 2170 Tum
1064 2133 1191 2170 cura
1219 2109 1403 2172 belli]
1409 2110 1600 2171 uliano

310 2197 604 2258 commissa
627 2246 643 2270 ‚
667 2198 764 2277 qui
790 2218 911 2255 rem
937 2198 1261 2255 Romanam
1283 2195 1536 2254 restituit.

339 2286 609 2343 INTEmM
640 2281 1012 2340 Domitianus
1042 2280 1101 2337 in
1126 2280 1474 2338 Pannoniam
1503 2302 1603 2339 ve·-

306 2388 512 2446 nerat3
557 2364 887 2447 Quadisque
930 2373 989 2424 &
1023 2363 1451 2422 Marcomannis
1498 2363 1592 2423 in-

303 2451 491 2514 fensus
512 2500 529 2524 ‚
571 2450 727 2532 quod
752 2472 923 2532 opem
954 2445 1216 2508 adversus
1246 2449 1436 2507 Dacos
1471 2470 1592 2507 non

302 2535 553 2598 tulissent
585 2584 602 2609 ,
653 2535 920 2595 intulerat
968 2531 1203 2594 bellum.
1271 2533 1346 2590 Iis
1391 2549 1594 2617 pa‘cem

303 2622 590 2684 orantibus
623 2667 642 2697 ‚
702 2618 950 2706 despecti
1005 2617 1219 2702 legati:
1263 2616 1357 2678 alii
1380 2645 1424 2702 ,
1454 2616 1588 2687 cum,
