1720 3184
367 148 1034 205 TRAJANUS.
1228 163 1340 220 179

61 247 138 307 vde
163 245 299 309 Julii
320 244 549 304 Tironis
576 239 848 300 codicillis
871 288 889 314 ,
924 263 1063 323 quos
1092 263 1156 299 ex
1183 264 1336 324 parte
1361 273 1552 301 *ἐι-23

64 352 224 390 veros
259 327 365 387 effe
401 325 683 385 constabat
709 372 726 396 ,
768 348 834 383 ex
860 345 1012 406 parte
1039 322 1158 383 falfi
1182 326 1334 385 dice-
1360 339 1408 377 A.
1427 341 1478 378 U.
1499 340 1554 384 C.

66 413 285 472 bantur.
330 408 810 469 Substituebantur
832 408 1056 466 crimini
1071 411 1333 493 Sempro-
1398 415 1450 464 85
1461 414 1509 457 6-

63 496 187 554 nius
215 495 448 554 Senecio
471 539 488 564 ‚
530 514 698 573 eques
723 492 1015 552 Romanus
1039 540 1056 564 ,
1090 501 1149 553 &
1170 497 1336 573 Eury*
1397 493 1432 531 J·
1471 494 1524 534 C·

65 578 253 638 thmus
284 624 300 649 ,
350 574 574 635 Caesaris
620 574 851 633 libertus
898 584 954 633 ὃς
998 598 1337 657 procurator.

62 660 316 722 Heredes
332 707 349 732 ,
367 658 496 718 cum
515 656 696 718 Caesar
719 655 851 716 effet
870 658 928 714 in
952 659 1131 716 Dacia
1146 707 1160 731 ‚
1188 685 1342 721 com-

64 745 313 803 muniter
361 741 587 825 epistola
624 740 821 823 scripta
847 788 863 813 ,
909 743 1185 822 petierant
1215 792 1232 816 ‚
1281 768 1344 805 ut

64 827 453 908 cognitionem
492 823 803 907 susciperet.
850 823 1167 907 Susceperat
1199 876 1215 900 ,
1261 852 1342 888 re-

60 908 354 991 versusque
380 909 534 968 diem
558 908 787 967 dixerat.
830 909 944 982 At,
983 911 1114 968 cum
1152 934 1220 970 ex
1245 913 1343 972 he-

62 992 288 1052 redibus
319 993 554 1073 quidam
579 1040 595 1064 ‚
646 990 797 1073 quasi
833 992 1143 1052 reverentia
1172 997 1344 1074 Eury-

62 1077 208 1136 thmi
237 1123 254 1148 ,
303 1078 658 1136 remitterent
710 1075 1122 1136 accusationem
1152 1125 1169 1149 ‚
1219 1080 1343 1160 pul-

62 1161 338 1219 cherrime
363 1160 503 1219 dixit
529 1161 832 1240 Trajanus:
867 1187 899 1211 oc
921 1162 1042 1220 Nec
1066 1159 1161 1220 ilie
1179 1163 1340 1241 Poly-

59 1242 278 1302 aecletus
314 1246 388 1303 est
415 1291 431 1315 ‚
474 1266 577 1301 nec
605 1266 711 1325 ego
737 1245 969 1303 Neron.
1027 1243 1343 1306 Indulserat

61 1347 254 1385 tamen
277 1326 593 1408 petentibus
619 1325 988 1405 dilationem3
1015 1335 1169 1409 cujus
1198 1351 1342 1389 tem-

60 1432 195 1492 pore
223 1415 445 1481 exadffi,
473 1408 727 1469 consedit
754 1410 1059 1469 auditurus.
1106 1411 1158 1470 A
1184 1435 1341 1494 parte

57 1493 336 1552 heredum
358 1495 706 1553 intraverunt
742 1493 856 1551 duo
890 1518 902 1550 ε
946 1495 1184 1553 omnino
1218 1497 1341 1579 pos-

57 1575 306 1636 tularunt
330 1625 347 1650 ,
386 1597 447 1636 ut
469 1599 666 1636 omnes
693 1575 928 1657 heredes
968 1601 1132 1659 agere
1171 1602 1342 1661 coge-

58 1681 250 1719 rentur
272 1709 289 1734 ,
320 1659 452 1718 cum
480 1655 803 1719 detulissent
833 1683 1032 1719 omnes
1057 1708 1072 1733 ‚
1113 1684 1207 1721 aut
1236 1663 1340 1723 fibi

59 1766 284 1825 quoque
315 1743 568 1804 desistere
601 1745 1036 1827 permitteretur.
1090 1748 1339 1808 Locutus
1384 1821 1387 1826 s

59 1829 134 1887 est
158 1826 340 1887 Caesar
361 1825 582 1887 summa
607 1828 877 1911 gravitate
901 1875 918 1900 ,
961 1825 1180 1887 summa
1209 1855 1338 1890 mo·-

57 1909 348 1970 deratione
371 1935 384 1967 z
422 1910 663 1991 cumque
688 1911 988 1969 advocatus
1016 1913 1340 1974 Senecionis

61 2002 119 2053 &
143 1993 434 2071 Eurythmi
463 1991 682 2053 dixiffet
705 1992 1151 2073 ccsuspicionibus
1174 1997 1344 2056 relin-

57 2077 204 2156 aoqui
229 2099 384 2149 reos,
408 2076 507 2136 nisi
532 2076 930 2136 audirentur».
967 2079 1146 2136 “Non
1175 2103 1339 2154 cum,

67 2159 291 2240 «inquit
312 2207 330 2232 ‚
377 2183 448 2218 an
478 2161 562 2219 isti
596 2159 996 2241 suspicionibus
1026 2161 1346 2243 relinquan-

61 2263 195 2302 :otur
219 2290 238 2316 ,
284 2266 390 2325 ego
416 2244 700 2325 relinquor
718 2274 777 2304 σο.
820 2245 952 2304 Vox
983 2243 1154 2326 digna
1181 2240 1344 2306 Prin-

65 2324 185 2407 cipe
210 2373 228 2398 ,
263 2327 362 2410 qui
390 2326 549 2388 sciret
573 2351 770 2411 puram
797 2325 904 2387 esse
935 2327 1142 2388 debere
1166 2332 1347 2412 priva-

0 2425 2 2473 ζ
69 2428 255 2467 torum
299 2410 473 2471 fidem
494 2461 510 2485 ‚
561 2413 887 2494 Principum
930 2412 1343 2473 inviolabilem.

0 2491 2 2540 ἶ
68 2492 381 2554 Conversus
401 2520 536 2580 ergo
552 2496 623 2555 ad
643 2494 919 2555 senatores
934 2544 949 2567 ‚
975 2496 1072 2575 qui
1093 2497 1346 2570 aderant,

0 2595 1 2599 ’
69 2573 300 2655 ususque
323 2583 518 2641 Graeco
545 2580 721 2642 verbo
747 2628 764 2655 ,
797 2577 1060 2640 «censete
1083 2625 1099 2650 ,
1126 2580 1312 2663 inquit
1322 2626 1348 2655 ,
1405 2649 1408 2652 ,

1009 2664 1156 2745 ij

1415 576 1521 625 103.
