1720 3184
297 150 1137 212 VESPASIANUS.
1284 151 1352 205 81

92 255 251 310 'suffita
279 252 354 309 est
383 248 600 308 duobus
625 246 811 307 liberis
841 244 1012 305 virilis
1036 243 1229 317 sexus,
1266 249 1363 329 qui

94 335 153 392 in
177 336 330 392 tanto
362 332 595 390 cariores
628 330 748 413 spes
782 329 1112 402 adolevere,
1148 334 1361 411 quanto

95 413 463 476 calamitofior
495 434 611 473 erat
639 433 934 496 parentum
969 411 1211 474 fortuna.

182 500 437 557 SAmNus
469 496 552 554 his
579 496 787 556 artibus
818 495 1152 577 latebrisque
1187 496 1364 557 vitam

88 600 189 662 per
204 604 412 641 novem
427 602 600 639 annos
617 580 960 650 traduxerat,
981 603 1114 639 cum
1131 579 1365 640 tandem

87 685 221 723 eum
243 665 429 729 vivere
450 663 706 723 auditum
731 664 821 722 est.
860 663 1060 722 Statim
1085 663 1198 745 ipse
1226 660 1365 743 ejus-

85 771 198 829 que
215 769 350 807 uxor
373 768 434 805 ac
458 745 620 807 liberi
642 744 1062 828 comprehensi,
1085 748 1364 806 Romam-

87 853 200 912 que
241 831 429 901 veo'ti,
469 851 597 890 ante
639 828 1040 911 Vespafianum
1084 828 1261 889 fistere
1304 830 1362 890 se

31 959 34 961 -
84 913 204 996 juffi
234 912 375 973 sunt.
418 912 557 972 Viso
581 914 870 996 Principe,
898 914 1130 972 Sabinus
1153 913 1361 972 obmu-

83 1017 226 1068 tult,
251 990 573 1058 rebellionis
589 998 802 1079 flagitio
823 995 1043 1080 pressus.
1069 997 1321 1079 Eponina
1339 1043 1360 1069 ‚

81 1078 212 1140 sexu
242 1128 262 1175 ³.
313 1101 506 1141 amore
544 1129 562 1154 ,
623 1048 960 1140 conscientia
1014 1079 1358 1152 animosior,

81 1165 293 1246 rumpit
315 1162 565 1236 silentia,
597 1186 786 1247 preces
822 1164 1107 1237 intendit,
1136 1165 1360 1224 testatur

77 1247 189 1307 ase
208 1243 475 1331 peperisse
499 1268 559 1307 ut
583 1248 765 1332 plures
787 1248 1055 1319 haberet,
1082 1249 1180 1328 qui
1208 1247 1357 1307 effla-

78 1361 115 1386 ω
127 1332 365 1413 girarent
379 1333 605 1390 veniam
618 1362 677 1389 ω,
692 1329 1091 1413 Vespasianus,
1108 1330 1355 1393 insontes

80 1414 322 1474 liberos
310 1435 570 1487 intuenS,
610 1415 1001 1474 illacrimavir·
989 1413 1224 1496 ,iisque
1252 1415 1355 1474 da-

78 1519 202 1558 tum
228 1499 433 1558 vivere.
484 1499 563 1559 At
593 1498 775 1556 Sabin
768 1521 825 1557 13
859 1499 983 1579 lege
1016 1499 1312 1579 majestatis
1333 1545 1353 1572 ,

74 1605 193 1641 non
215 1581 311 1640 ill&
333 1579 479 1641 ηονὲῑ
504 1590 561 1642 &
582 1579 681 1641 sub
707 1582 981 1662 prioribus
1003 1582 1354 1663 Principibus

73 1686 291 1758 reperta
317 1711 333 1737 ,
382 1663 481 1725 sed
505 1686 732 1737 vetere,
778 1688 886 1745 qua
910 1664 1224 1747 perduelles
1248 1689 1355 1748 pu-

75 1770 353 1820 muntur,
397 1749 595 1808 mortis
644 1748 939 1807 damnatus
987 1750 1076 1807 est.
1146 1751 1354 1808 Tracta

74 1855 304 1914 quoque
329 1833 388 1893 in
411 1833 601 1892 mariti
628 1833 849 1892 ruinam
881 1832 1172 1913 Eponina,
1204 1830 1354 1892 forte

72 1916 434 1977 consiliorum
453 1914 714 1975 societate
734 1924 792 1975 δε
814 1915 1064 1975 virilibus
1087 1916 1227 1974 curis
1249 1940 1350 1974 no-

73 2020 205 2057 cens
226 1998 354 2059 visa.
410 1998 580 2057 Nulla
615 2006 728 2079 jam
766 1996 858 2079 spe
893 1999 1052 2070 vitae,
1089 1997 1348 2079 castisque

74 2105 214 2161 quos
240 2106 338 2164 per
362 2103 447 2141 tot
472 2104 645 2140 annos
670 2080 993 2140 sustinuerat
1020 2081 1302 2140 laboribus
1327 2129 1347 2155 ,

72 2163 231 2225 ferox
262 2165 476 2225 femina
505 2187 693 2247 preces
721 2165 779 2223 in
804 2165 909 2223 iras
934 2166 1099 2225 vertit
1126 2212 1143 2237 ,
1196 2164 1347 2226 Ves-

73 2248 406 2332 pafianoque
445 2247 709 2308 insultans
733 2296 751 2321 ,
791 2247 1082 2331 profitetur
1120 2249 1349 2309 «vitam.

74 2355 302 2392 mmorte
323 2333 420 2391 fibi
439 2332 679 2392 libenter
702 2333 936 2391 mutari.
959 2331 1012 2392 se
1030 2331 1352 2392 feliciorem

73 2416 244 2473 :uvel
232 2439 290 2474 m
321 2416 563 2475 obscuris
602 2439 756 2476 terrae
791 2415 1129 2488 visceribus,
1173 2439 1346 2497 quam

75 2496 332 2579 :vipsum
320 2523 378 2559 in
395 2500 728 2582 principatus
744 2498 1061 2594 splendore,
1082 2498 1249 2559 vrxrff
1239 2523 1267 2559 e
1284 2529 1342 2560 22.

74 2581 296 2659 Multi,
317 2581 539 2652 feminee
561 2583 959 2652 fortitudinem
984 2583 1207 2657 mirati,
1233 2591 1345 2665 ejus

1038 2668 1181 2741 Dv¹

1385 270 1577 297 ω

1386 325 1578 367 A.U··G

1427 395 1536 451 831.

1411 470 1449 511 J.
1481 471 1536 511 C.

1446 539 1530 591 78.
