1672 3174
226 148 780 203 'nrszroarARUM
830 139 939 198 No
961 156 1073 198 τε.
1188 153 1309 223 325¹

13 242 219 305 faggeres
250 239 355 288 ante
385 241 573 301 strucftos
600 257 627 287 a
659 237 904 288 centesimo
933 240 1078 290 stadio
1109 259 1203 292 erat
1230 243 1300 293 as·-

19 305 264 371 portanda.
314 304 501 371 Joseph.
526 306 642 353 Bell.
665 305 773 358 Jud.
795 304 896 366 VI,
934 313 959 356 8
983 348 994 369 ,
1028 325 1158 356 num.
1190 327 1230 357 1.

88 369 288 418 Nomine
325 370 455 419 Sion.
501 373 549 418 A
580 372 697 419 colle
721 373 836 420 Sion
862 375 924 422 ita
951 375 1120 423 distam
1140 410 1153 435 ,
1191 381 1236 423 ὃ(
1268 392 1296 424 a

18 433 206 483 Davide
235 434 441 484 inferiori
476 437 574 484 urbi
609 439 719 484 olim
749 437 966 488 additam.
1014 440 1157 489 Nunc
1189 438 1297 507 pars

21 502 118 562 ejus
139 503 340 549 maxima
363 503 424 550 est
448 518 572 550 extra
592 519 822 551 recentem
844 507 999 555 urbem
1014 505 1264 560 Jerusalem
1280 545 1297 569 ,

11 571 66 621 -δε
94 569 144 615 in
180 571 357 633 campis
390 567 594 635 squallet.

89 631 320 682 Idzcmaeis.
341 634 528 682 Idumaei
543 673 555 694 ,
582 634 799 683 aZelotis
819 638 948 683 acciti
967 674 979 695 ,
1006 643 1049 684 δε
1070 643 1117 687 in
1137 640 1298 690 urbem

24 696 356 767 Hierosolyma
402 702 573 766 recepti
608 741 622 762 ‚
653 719 758 766 pars
803 719 977 768 magna
1020 703 1144 755 fuere
1191 706 1299 756 belli

25 763 221 818 judaici.
274 765 340 814 At
371 766 475 814 cum
509 766 789 815 deditionem
823 785 1070 833 pararent,
1102 779 1145 819 &
1165 772 1300 822 Titus

27 848 290 891 annueret,
339 831 386 878 id
424 832 599 881 rescivit
640 834 837 881 Simon:
882 835 1004 882 unde
1048 855 1206 887 exorta
1238 841 1301 887 est

25 900 225 945 maxima
286 900 401 945 inter
453 899 677 947 Idumaeos
740 907 783 947 δε
831 899 1014 952 Judaeos
1059 903 1299 953 discordia.

23 961 210 1029 Joseph.
243 964 355 1012 Bell.
385 964 491 1018 Jud.
515 966 602 1028 IV,
627 984 653 1022 4
675 972 718 1014 δε
740 965 866 1034 seqq.
898 967 968 1018 VI
984 1007 997 1029 ‚
1022 972 1046 1016 8
1068 1009 1081 1031 ,
1101 990 1229 1019 num.
1254 991 1299 1020 2.

92 1092 222 1142 CAP.
233 1094 365 1142 XLI.
393 1096 771 1164 Redintegratum
787 1097 1012 1164 olfidium.
1033 1101 1301 1169 Aggeribus

0 1206 1 1222 ἢ
22 1161 143 1210 intra
161 1161 422 1209 octodecim
442 1163 536 1212 dies
555 1164 774 1213 confestis
786 1204 799 1226 ‚
828 1164 1022 1231 septimo
1044 1168 1115 1216 die
1135 1169 1300 1217 mensis

12 1226 233 1291 *Gorpiaei
253 1267 265 1287 ,
301 1226 373 1276 seu
417 1245 433 1276 1
471 1231 748 1296 Septembris
768 1271 782 1293 ,
814 1232 1009 1281 admotae
1035 1235 1259 1283 machinae
1287 1274 1303 1297 ,

18 1299 72 1340 ,δι
112 1293 468 1361 redintegratum
509 1298 748 1346 obfidiuin.
810 1296 1002 1363 Joseph.
1037 1301 1156 1350 Bell.
1190 1301 1300 1355 Jud.

24 1358 130 1420 (VI,
170 1364 194 1407 8
220 1399 232 1420 ‚
262 1379 391 1417 num.>
418 1380 462 1416 4.
1159 1414 1182 1429 f*

90 1425 186 1474 Sed
220 1426 590 1493 inexpugnabile.
634 1429 689 1477 In
712 1428 780 1476 his
806 1432 930 1479 enim
956 1433 1147 1482 turribus
1172 1429 1299 1484 'nullst

24 1494 71 1542 vi
89 1532 103 1556 ,
130 1490 224 1540 sola
251 1492 372 1542 fame
394 1498 649 1564 expugnari
676 1511 916 1561 poterant,
943 1501 1046 1548 teste
1066 1499 1272 1568 Josepho
1288 1540 1304 1564 ,

26 1559 118 1608 loc.
147 1563 222 1608 cit.

84 1625 289 1676 Romano
313 1627 560 1694 ἱ[Ξυῑὲζαὶηε.
596 1626 786 1693 Joseph.
820 1629 930 1678 ibid.
960 1650 1087 1680 num.
1112 1647 1156 1692 5.

92 1690 258 1753 Capta.
283 1694 511 1755 Romani,
538 1697 673 1742 muris
694 1698 854 1759 potiti,
888 1696 1014 1764 figna
1035 1700 1083 1746 in
1104 1698 1298 1748 turribus

27 1757 250 1823 posuere3
286 1762 523 1809 victoriam
546 1760 778 1827 finemque
809 1762 915 1810 belli
945 1781 1050 1812 cum
1076 1764 1235 1831 plausu
1253 1773 1299 1815 &

25 1825 176 1872 Iaetitia
212 1827 511 1878 celebravere.
565 1827 755 1892 Joseph.
785 1828 896 1879 ibid.

95 1890 527 1956 Univetfiroccidio.
574 1894 753 1942 Tantus
786 1912 938 1943 autem
970 1894 1053 1944 fuit
1084 1897 1300 1948 caesorum

26 1973 242 2004 numerus
261 1976 281 2018 ·,
320 1975 443 2006 tanta
486 1958 567 2005 fusi
609 1958 840 2022 sanguinis
888 1964 1024 2024 copia
1052 1999 1063 2021 ‚
1109 1980 1156 2012 ut
1195 1967 1302 2013 teste

27 2019 232 2087 Josepho
251 2062 264 2084 ‚
290 2023 397 2071 ibid.
424 2026 638 2090 angustiae
665 2028 871 2072 vicorum
895 2025 1184 2076 cadaveribus
1213 2030 1301 2077 ob-

19 2089 301 2138 ·ssruerentur
328 2128 340 2150 ,
376 2090 567 2139 caedibus
599 2091 870 2139 redundaret
903 2108 996 2140 tota
1029 2095 1182 2143 civitas
1207 2133 1219 2155 ‚
1255 2102 1300 2143 δε

20 2155 251 2222 gpleraque
297 2155 587 2205 incensorum
641 2159 1032 2225 exstinguerentur
1083 2159 1300 2210 caesornm

20 2218 105 2270 isan
142 2224 265 2270 uine.

136 2286 382 2339 raevalidae.
432 2290 509 2339 Ab
556 2290 798 2340 occidione
846 2292 1048 2342 Romani
1094 2294 1300 2343 destitere

22 2351 92 2402 ad
121 2353 354 2420 vesperam
377 2395 390 2416 ‚
427 2356 499 2405 sed
535 2373 630 2405 tum
662 2360 800 2406 noste
831 2361 951 2424 ignis
986 2363 1236 2424 praevaluit.

98 2418 280 2484 Quarto
300 2422 470 2471 Nonas
500 2422 790 2484 Septembri&
827 2424 1017 2490 Joseph.
1050 2427 1160 2474 ibid.
1199 2438 1302 2489 Pop-

24 2485 156 2537 ιπιαιιέ
179 2488 304 2550 μηνὶς
327 2489 477 2548 ὀγδόη.
516 2489 722 2539 Οξὶεῑνιιε
753 2491 846 2538 dies
871 2491 1033 2540 mensis
1055 2490 1262 2557 Gor-piati
1285 2529 1305 2555 ,

26 2548 115 2599 “fuit
151 2572 174 2599 2
210 2554 519 2619 Septembris,
558 2554 662 2615 seu,
696 2572 742 2604 ut
782 2573 1024 2605 numerant
1062 2557 1297 2618 Romani,

26 2630 192 2685 {quarto
213 2618 380 2672 Nonas
401 2622 698 2689 Septembris·
733 2623 846 2672 Dies
870 2624 948 2672 ille
975 2643 997 2671 2
1022 2623 1303 2689 Septembris
