1672 3174
191 151 856 193 CHRONOLOGmAM
916 133 1158 195 Nom.
1243 158 1361 213 403

91 250 178 281 nec
199 232 458 281 humanitas
480 270 492 291 ,
523 246 785 297 paterentur
804 270 816 291 ‚
849 229 1080 296 suppliciis
1110 231 1368 282 discruciari
1394 261 1581 298 35:

89 297 391 364 permiserint.
432 297 704 345 Generatim
727 297 914 365 quidem
933 296 1198 363 responderi
1217 302 1366 364 potest
1388 314 1436 355 A,
1458 316 1508 356 U,
1529 306 1581 359 G,

89 368 139 412 in
164 364 409 413 Historicis
425 362 553 410 fastis
580 365 874 431 quaerendum
897 382 994 411 non
1015 363 1102 414 esse
1121 367 1362 432 quomodo
1430 385 1537 439 857«

90 447 160 479 res
196 429 326 478 faetae
363 429 478 490 sint,
515 428 591 477 sed
626 446 776 478 utrum
809 430 938 479 faetae
975 430 1094 480 sint:
1130 435 1365 482 neminem
1424 461 1462 500 J.
1490 432 1541 501 Css

90 497 234 546 ferme
271 495 358 545 effe
393 499 473 564 qui
498 511 625 545 aetate
654 495 729 544 sua
760 514 855 543 non
888 497 1050 547 viderit
1088 500 1230 548 multa
1261 518 1370 553 eve-

91 562 203 611 niffe
231 581 332 630 quae
360 580 467 611 vera
499 561 639 611 effent
663 600 676 623 ,
710 561 814 610 licet
844 566 918 611 vix
949 564 1206 614 verisimilia
1235 567 1369 615 vide-

90 646 246 677 rentur
268 649 279 676 z
316 629 433 677 nihil
456 646 568 696 ergo
596 629 926 695 ambigendum
953 630 1040 678 effe
1067 632 1122 680 de
1143 632 1371 682 Christia-

91 714 259 744 norum
291 693 522 761 suppliciis
547 734 559 756 ,
596 694 703 744 edm
726 713 780 744 ea
811 712 886 744 aut
903 698 1070 745 oculati
1094 701 1220 747 testes
1242 738 1255 759 ‚
1292 717 1370 750 aut

90 761 330 829 scriptores
347 763 609 811 indubitatae
626 761 761 822 fidei,
786 762 1089 828 prodiderint.
1124 764 1369 828 Quosdam

89 845 247 878 tamen
290 831 488 894 reperias
526 832 607 896 qui
647 828 797 877 adhuc
831 828 1063 891 haefitent‚
1101 837 1145 878 &
1180 834 1368 882 intimas

86 894 274 957 hujusce
306 898 370 943 rei
390 893 541 944 causas
574 897 825 963 requirant.
878 895 1060 960 Quibus
1091 895 1369 964 respondere

87 962 214 1010 haud
249 961 435 1010 difficile
474 963 537 1009 est
574 967 658 1012 tria
690 961 779 1011 effe
813 966 861 1010 in
898 966 1163 1012 mortalium
1199 967 1330 1014 rebus
1352 1005 1367 1027 ‚

87 1046 191 1095 quae
220 1028 368 1077 nullas
402 1032 636 1094 patiuntur
671 1031 800 1096 leges
831 1068 844 1090 ,
898 1047 981 1078 nec
1019 1033 1196 1080 ratione
1229 1072 1241 1093 ,
1292 1032 1368 1081 secl

84 1096 263 1161 impetu
287 1134 299 1155 ‚
341 1112 394 1143 ae
425 1096 623 1161 proinde
656 1094 899 1155 ferociter,
939 1114 1171 1163 aguntur3
1210 1102 1366 1148 civilia

87 1180 261 1227 nempe
289 1163 407 1210 bella
428 1201 440 1222 ‚
473 1161 672 1211 fraterna
703 1162 840 1223 odia,
876 1168 920 1209 δε
949 1167 1177 1213 contraria
1206 1163 1361 1214 saci-a:

85 1228 210 1276 haud
244 1230 412 1277 mirum
444 1246 558 1296 ergo
590 1229 677 1278 effe
713 1228 743 1276 fi
779 1231 945 1294 optimi
978 1229 1214 1296 Principes
1252 1230 1365 1281 Vess

85 1294 297 1362 pasianus
311 1335 323 1354 ,
351 1294 484 1343 Titus
496 1294 769 1356 „Traianus
787 1334 798 1356 ‚
827 1295 1094 1346 Antoninus
1114 1298 1218 1345 Pius
1238 1297 1365 1346 Mai-2

86 1359 254 1427 cusque
282 1361 494 1409 Aurelius
521 1361 578 1409 ad
606 1363 717 1410 dura
747 1366 1075 1427 proruperint,
1112 1363 1217 1411 etim
1250 1382 1365 1431 age«

85 1444 206 1477 retur
241 1428 297 1476 de
332 1427 601 1476 Christianis
626 1467 637 1488 ,
681 1432 760 1495 qui
781 1429 994 1477 Romana
1018 1429 1140 1478 sacra
1164 1430 1366 1480 damna-

88 1512 189 1544 rent
206 1534 218 1556 ,
243 1512 389 1562 eaque
409 1496 583 1543 aeternis
615 1495 797 1561 ignibus
821 1495 962 1562 digna
983 1498 1360 1562 pronuntIarent:

86 1579 289 1612 ceterum
325 1560 428 1610 raro
466 1558 642 1610 saeviifle
670 1563 774 1610 illos
800 1560 1070 1628 Principe33
1110 1569 1155 1611 &
1188 1562 1218 1611 fi
1251 1562 1365 1632 quid

87 1632 241 1678 astum
262 1669 276 1690 ‚
309 1628 355 1676 id
388 1631 437 1676 in
476 1629 599 1676 tanta
632 1630 814 1694 imperii
849 1630 1153 1695 amplitudine
1181 1647 1207 1678 a
1245 1649 1368 1698 pro-

85 1699 342 1745 vinciarum
372 1694 595 1760 praefectis
626 1695 1038 1762 magistratibusve‚
1073 1698 1239 1763 ignaro
1264 1699 1369 1763 ple-

86 1779 284 1830 rumque
321 1760 571 1826 Principe,
610 1778 686 1810 aut
722 1761 840 1810 falfis
876 1763 1234 1813 accusationibus
1272 1767 1369 1813 cir«

89 1844 364 1888 cumvento,
396 1826 523 1876 fuisse
552 1825 823 1893 susceptum.

158 1895 305 1957 Quod
350 1894 380 1940 st
433 1893 693 1941 difficilibus
742 1895 830 1941 illis
881 1897 1079 1960 ingeniis
1131 1896 1369 1964 scrupulus

88 1962 254 2027 aliquis
277 1959 426 2007 adhuc
445 1958 612 2005 haereat
636 1995 649 2018 ‚
682 1974 838 2007 manet
863 1962 978 2008 ratio
999 1962 1188 2027 ultima,
1221 1982 1374 2032 eaque

91 2025 315 2076 efficaciss
399 2058 410 2071 .
448 2023 682 2072 Homines
701 2043 872 2091 nempe
887 2025 1183 2087 hominibus,
1215 2047 1368 2080 vetera

89 2036 627 2159 temporaffiaesentibus
674 2089 760 2140 suis
807 2095 1089 2158 temporibus
1130 2098 1369 2148 aestiment.

92 2160 201 2209 Hac
234 2159 387 2208 nostra
424 2174 552 2206 aetate
576 2197 588 2215 ,
633 2159 742 2204 vivit
780 2159 1039 2205 Sincnfiurn
1076 2159 1373 2224 Imperator,

91 2227 276 2291 imperii
302 2222 620 2290 magnitudine
639 2259 650 2281 ,
690 2240 836 2286 opum
863 2224 936 2282 vi,
972 2230 1017 2271 &
1036 2262 1048 2284 ,
1078 2226 1205 2292 quod
1228 2227 1369 2293 praes-

95 2295 259 2342 tantius
286 2292 347 2340 est
366 2329 378 2351 ‚
417 2287 619 2355 pacificis
649 2289 881 2337 virtutibus
902 2289 1186 2355 Vespasiano
1209 2332 1222 2354 ‚
1254 2294 1374 2342 Tito

91 2359 303 2422 Trajano
325 2396 339 2418 ,
368 2356 613 2404 Antonino
634 2354 719 2403 Pio
735 2395 747 2417 ,
778 2355 1035 2424 Marcoque
1055 2360 1248 2408 Aurelio
1269 2378 1371 2410 nort

91 2429 260 2492 impar.
285 2423 405 2489 Quae
424 2420 500 2472 hic
520 2423 574 2471 de
591 2420 879 2490 Kierz-Long
893 2462 909 2482 ,
929 2426 1109 2489 optimo
1130 2425 1377 2493 Principe,

93 2492 293 2559 praedico
313 2529 325 2552 ‚
363 2508 417 2538 ea
442 2508 540 2537 non
567 2491 749 2538 incertis
774 2490 1030 2539 rumoribus
1051 2530 1063 2551 ,
1106 2490 1181 2541 sed
1211 2511 1239 2541 a
1263 2496 1371 2542 viris

93 2561 254 2625 accepi
283 2575 399 2625 quos
422 2558 534 2605 novi
566 2553 652 2603 effe
679 2558 954 2623 incorruptae
985 2556 1090 2607 fidei
1112 2597 1123 2619 ,
1155 2562 1234 2627 qui
1261 2577 1368 2609 eum

96 2624 213 2692 saepe
249 2624 400 2677 videre
429 2663 442 2688 ‚
490 2622 606 2690 saepe
642 2619 743 2675 sunt
782 2623 968 2676 allocuti
999 2663 1012 2688 ‚
1060 2628 1140 2693 qui
1180 2627 1334 2678 multis
1355 2664 1381 2690 r

1444 539 1553 581 104·
