1720 3184
380 155 506 204 ‘120
602 141 1003 205 Apperx
1067 164 1547 209 cHRoNotoc.

165 268 360 306 ΞΞ
383 243 639 304 oraculis,
681 244 912 326 Insuper
935 245 1202 304 continua
1218 244 1528 307 fulminum
1553 246 1672 322 visg·

164 326 596 391 A·U·C·ta6tum
638 327 709 387 de
755 328 887 388 caelo
931 329 1285 412 Capitolium
1317 379 1335 404 ‚
1383 331 1666 412 templum

217 401 325 454 849·
382 414 575 473 Flaviae
600 413 781 493 gentis
805 459 820 485 ‚
856 413 1060 473 domus
1082 414 1334 474 Palatina
1357 423 1413 475 &
1437 416 1666 475 cubicu-

208 479 333 589 160.
384 496 509 556 lum
555 497 826 580 Principis
853 544 870 571 ,
923 497 1143 579 aliaque
1187 499 1366 557 multa
1409 520 1668 580 portenta

226 556 259 603 2
294 574 311 595 ⁸
384 602 607 641 metum
632 580 1021 641 intendebant.
1070 583 1240 641 Dum
1263 582 1523 642 adversus
1552 584 1666 640 im-

383 666 606 723 minens
634 665 948 748 periculum
968 665 1022 724 se
1043 663 1420 726 sollicitudine
1445 674 1500 726 δε
1519 665 1666 725 saevi-

381 749 459 810 tia
488 749 731 833 accingit
756 795 771 820 ‚
808 747 966 809 suam
1000 747 1114 832 ipse
1143 750 1389 833 impellit
1422 750 1662 810 ruinam.

376 834 708 894 Parthenius
730 834 883 893 enim
908 843 966 894 δε
990 835 1231 915 Sigerius
1249 882 1266 907 ,
1295 833 1619 901 cubicularii
1644 882 1664 907 ‚

375 916 629 979 Entellus
675 942 706 977 a
753 916 959 977 libellis
989 965 1005 991 ,
1057 919 1342 1001 ceterique
1393 918 1665 1000 Principis

377 1003 550 1062 amici
600 1025 663 1062 ac
706 1001 940 1074 liberti,
992 1000 1089 1061 sed
1137 1010 1252 1084 ejus
1296 1003 1402 1062 iras
1451 1004 1662 1075 veriti,

377 1087 827 1167 conjurationem
855 1087 1049 1145 iniere.
1092 1087 1165 1145 Iis
1193 1087 1411 1147 animos
1434 1086 1663 1147 addidit

376 1171 644 1231 Domitia
679 1219 696 1243 ‚
759 1171 892 1230 cum
950 1168 1094 1229 forte
1148 1169 1367 1254 legisset
1428 1169 1663 1231 secretas

377 1256 705 1316 Domitiani
744 1254 976 1315 tabellas
1008 1302 1024 1327 ‚
1065 1254 1267 1334 quibus
1311 1253 1473 1314 suum
1505 1304 1521 1328 ‚
1565 1279 1665 1315 eo-

378 1362 619 1421 rumque
642 1340 742 1421 qui
767 1340 939 1398 morti
964 1338 1380 1398 destinabantur
1396 1387 1412 1411 ‚
1447 1362 1664 1400 nomen

375 1422 726 1508 inscriptum.
776 1424 899 1482 Ubi
938 1423 999 1482 id
1034 1422 1357 1506 conspiratis
1401 1446 1665 1506 comper-

377 1529 502 1568 tum
536 1557 552 1582 ‚
600 1507 696 1568 suo
741 1507 1096 1588 aliorumque
1143 1507 1392 1590 periculo
1443 1508 1619 1567 territi
1642 1528 1666 1582 ,·

378 1616 502 1653 rem
539 1612 854 1676 properant.
920 1590 1077 1650 Prius
1118 1613 1312 1652 tamen
1355 1596 1543 1650 actum
1587 1593 1660 1653 de

377 1675 680 1737 successore
709 1725 725 1749 ‚
773 1699 948 1758 quem
987 1676 1280 1759 eligerent.
1345 1677 1663 1736 Cocceium

376 1763 629 1822 Nervam
655 1761 727 1821 ad
760 1759 987 1843 imperii
1015 1758 1172 1843 spem
1203 1781 1515 1840 votumque
1556 1761 1663 1821 eri-

379 1867 536 1930 gunt.
614 1845 1043 1906 Cunctabantur
1090 1845 1272 1904 adhuc
1325 1845 1554 1924 quando
1601 1853 1662 1905 &

378 1929 677 2011 quomodo
738 1929 1145 1990 Domitianum
1203 1927 1662 2011 aggrederentur.

377 2015 688 2098 Stephanus
718 2060 735 2086 ‚
787 2011 1106 2072 Domitillae
1164 2026 1535 2094 procurator,
1601 2021 1661 2072 8<

379 2121 513 2161 tunc
580 2100 1018 2180 interceptarum
1076 2098 1440 2180 pecuniarum
1497 2119 1659 2168 reUS,

381 2181 677 2241 confilium
721 2203 1066 2263 operamque
1107 2181 1332 2240 obtulit.
1388 2184 1440 2240 Is
1479 2203 1612 2263 ergo
1639 2228 1659 2253 ‚

381 2286 444 2326 ut
484 2265 555 2324 ad
588 2264 925 2347 suspicacem
963 2265 1282 2348 Principem
1321 2263 1541 2323 facilior
1579 2263 1661 2323 se-

382 2350 698 2430 cretiorque
745 2346 892 2408 foret
937 2348 1117 2408 aditus
1161 2398 1176 2420 ‚
1238 2347 1663 2431 conspirationis

380 2434 658 2494 indicium
683 2430 950 2513 professus
974 2481 990 2505 ,
1028 2442 1085 2492 ἅτ
1108 2432 1370 2491 admissus
1396 2481 1411 2505 ‚
1446 2432 1660 2513 legenti

383 2518 653 2578 traditum
669 2541 698 2574 a
714 2515 766 2575 se
787 2515 1043 2576 libellum
1057 2565 1071 2589 ,
1093 2524 1153 2576 &
1174 2518 1416 2577 attonito
1434 2514 1662 2574 suffodit

379 2603 651 2687 inguina:
696 2599 949 2665 saucium.
992 2625 1055 2663 ac
1105 2621 1515 2687 repugnantem
1565 2597 1708 2661 alii

1431 2683 1614 2745 adorti
1638 2729 1661 2758 ‚
