1672 3174
189 146 756 201 hisTORrARUM
815 132 1062 207 NorAE.
1171 159 1297 231 μς

0 251 110 286 teum
136 238 193 287 ad
216 239 599 304 Septemtrionale
628 242 746 290 urbis
774 244 888 291 latus
920 243 1094 293 redibat
1117 283 1130 306 ,
1162 264 1282 310 pro-

1 303 271 370 {gressusque
293 305 349 353 ad
367 307 518 353 vicum
537 343 550 365 ‚
585 310 664 371 qui
693 308 909 357 Cicerum
936 310 1098 359 domus
1119 349 1132 372 ‚
1164 317 1287 378 'Epe-

4 369 149 420 25'1'1004121
169 371 307 430 οἶκος,
330 370 560 418 dicebatur
575 409 587 431 ,
615 372 906 442 Herodisque
930 394 1288 429 monumentum

8 435 281 500 ,complexus
301 474 313 495 ‚
349 436 407 484 ad
429 435 675 485 Orientem
701 440 797 489 Titi
823 444 972 491 castris
992 482 1005 504 ,
1045 444 1164 492 unde
1184 447 1287 492 ini*

7 505 127 552 *tium
152 517 361 566 ceperat,
399 503 778 569 conjungebatur.
823 507 948 556 Huic
970 525 1123 558 autem
1148 528 1289 560 muro

5 567 124 618 aforis
155 568 379 616 adstru&a
412 567 511 616 sunt
541 569 755 618 tredecim
787 574 967 622 castella
989 614 1001 634 ‚
1040 573 1115 624 seu
1134 577 1288 641 praefi-

13 634 126 694 dia,
159 651 356 701 quorum
399 634 591 683 ambitus
632 653 727 685 erat
758 638 883 685 denis
915 641 1083 690 stadiis.
1138 640 1290 692 Fano

11 701 108 750 ffioc
127 708 260 748 muro
279 739 293 762 ,
312 716 418 749 tunc
431 702 673 766 impletum
694 705 756 751 est
774 742 786 764 ,
808 705 932 772 quod
954 705 1080 758 Jesus
1096 746 1107 767 ,
1130 710 1292 760 videns

7 769 243 816 .civitatem
264 806 278 827 ,
312 774 355 814 &
377 765 509 832 super
530 768 655 816 illam
681 771 793 818 flens
812 810 823 831 ‚
858 771 1156 835 praedixerat:
1194 774 1243 825 V
1240 794 1292 824 e-

15 833 146 883 nient
171 832 269 881 dies
293 834 342 882 in
369 848 412 880 re
436 854 451 880 .·
491 832 540 881 &¹
569 834 909 886 circumdabunt
940 852 982 886 re
1013 838 1189 888 inimici
1220 842 1290 891 rui

21 897 139 949 vallo
164 937 181 958 ,
221 897 270 948 ἓν
294 898 633 949 circumdabunt
655 916 699 950 re
722 924 737 951 :
777 902 827 953 Cr
860 904 1219 972 coangustabunt
1248 922 1294 957 re

23 963 216 1028 undique
236 1003 248 1026 ‚
284 966 399 1014 Luc.
422 963 547 1014 XIX
565 1007 578 1028 ,
614 985 694 1030 43.

89 1029 218 1080 Cibis
249 1031 573 1084 enecabantur.
611 1032 800 1100 Joseph.
822 1035 938 1084 Bell.
968 1037 1074 1091 Jud.
1098 1038 1161 1100 V,
1200 1054 1292 1106 13„⁴

25 1114 151 1145 num.
180 1115 226 1157 4.

90 1161 289 1229 Voraſje.
327 1162 516 1230 Joseph.
552 1167 662 1216 ibid.

90 1227 323 1279 Arabibus
364 1230 588 1298 SyrisqM.
643 1232 742 1298 Qui
782 1250 911 1285 erant
955 1238 1192 1288 auxiliares
1240 1241 1294 1290 ia

12 1298 220 1346 exercitu
253 1297 487 1347 Romano.
994 1331 998 1333 ·

87 1361 414 1429 Diffiec‘t'ificnr.
443 1365 514 1414 Ut
536 1383 647 1414 auro
666 1405 678 1426 ,
715 1369 840 1434 quod
869 1388 1171 1431 voraverant,
1200 1389 1293 1436 po*

30 1429 207 1478 :irentur
228 1428 402 1477 Arabes
421 1470 434 1491 ,
462 1432 595 1499 Syri,
631 1450 684 1480 ac
708 1438 920 1484 nonnulli
943 1439 1079 1485 etiam
1104 1456 1128 1485 e
1159 1438 1290 1486 mili-

31 1495 139 1544 :ibus
177 1495 399 1544 Romanis
432 1515 447 1558 5
497 1515 546 1548 ut
586 1499 737 1546 videre
775 1504 838 1549 est
878 1503 1001 1568 apud
1037 1502 1294 1570 Josephum

21 1561 141 1611 lBell.
169 1561 277 1614 Jud.
302 1562 364 1622 V,
393 1581 442 1627 13
468 1601 479 1622 ,
516 1582 642 1612 nuni.
671 1582 713 1624 5.

92 1626 204 1676 Duo
240 1627 397 1677 millia.
441 1628 629 1696 Joseph.
663 1632 772 1681 ibid.

92 1692 347 1745 Intentatsi.
389 1695 523 1760 Quos
562 1699 728 1758 etiam,
767 1699 1037 1752 circumfuso
1060 1706 1261 1773 equitatu
1275 1718 1296 1764 ;

36 1759 187 1817 iaculis
215 1760 387 1828 configi
420 1764 569 1811 statim
607 1764 786 1826 J'uffisset
823 1766 987 1830 Titus,
1028 1774 1075 1819 ni
1113 1789 1299 1820 reorum

36 1826 316 1885 multitudine
347 1830 591 1894 impeditus
627 1829 772 1880 fuiffet
794 1870 806 1892 ‚
846 1832 1035 1900 Joseph.
1070 1837 1180 1885 ibid.

93 1891 150 1940 In
176 1893 325 1953 templi
334 1894 647 1957 spoliationes.
669 1897 1105 1961 Joseph.Bell.Jud.
1121 1903 1183 1963 V,
1213 1918 1263 1965 13
1284 1914 1302 1963 ,⁴

39 1976 156 2006 num.
179 1966 223 2006 6.
258 1959 380 2007 Inter
400 1961 614 2023 donaria,
642 1979 741 2028 quae
758 1962 963 2015 Joannes
991 1983 1096 2015 tunc
1121 1972 1301 2032 rapuit,

41 2040 259 2072 memorat
286 2024 511 2091 Josephus
541 2028 748 2077 urceolos
782 2029 837 2077 ab
868 2032 1077 2098 Augusto
1114 2031 1301 2101 ejusque:

41 2107 176 2140 uxore
211 2090 345 2139 Livia
374 2094 488 2141 olim
521 2095 694 2158 templo
728 2095 872 2144 datos.

96 2155 154 2204 In
171 2157 408 2221 gentilium
429 2158 593 2211 caedes.
616 2160 741 2209 Tum
762 2161 1006 2213 Matthiam
1022 2205 1033 2227 ,
1065 2168 1302 2215 Ananiam

34 2222 302 2339 {gentilicem
324 2263 337 2285 ‚
379 2223 582 2294 aliosque
610 2228 832 2292 plurimos
863 2232 1086 2282 interfecit
1108 2234 1274 2283 Simon
1290 2270 1306 2295 2

39 2321 43 2328 ι
71 2288 225 2354 oseph.
259 2291 373 2345 Bell.
408 2291 515 2344 Jud.
540 2292 601 2355 V,
637 2312 722 2357 13,
757 2312 883 2344 num.
914 2316 954 2345 1.

104 2353 355 2422 Perizffi’nt.
404 2357 513 2407 Hac
541 2362 589 2408 in
620 2378 669 2408 re
697 2363 864 2410 multus
898 2362 1125 2432 Josephus
1144 2403 1157 2425 ,
1194 2363 1313 2413 Bell.

38 2415 147 2482 liud,
169 2420 232 2483 V,
264 2439 315 2486 13
340 2461 353 2484 ,
386 2442 513 2474 num.
542 2442 562 2487 5
588 2466 601 2488 ‚
638 2433 666 2475 6
686 2466 700 2488 ‚
728 2434 771 2476 &
799 2429 906 2478 alias
931 2429 1062 2497 saepe.

109 2553 234 2603 CAP.
270 2553 486 2604 XXXII.
528 2555 682 2607 Judas
721 2559 921 2612 nomine.
971 2559 1162 2626 Joseph.
1197 2559 1313 2614 Ben-

0 2634 5 2647 ’
53 2617 150 2675 Jud.
179 2620 242 2680 V,
275 2638 326 2684 13
355 2659 369 2680 ,
403 2640 530 2672 num.
553 2643 599 2673 2.
984 2658 987 2660 -

178 2684 305 2742 Tom.
331 2684 392 2741 V.
1072 2689 1132 2747 O.
