1720 3184
389 173 527 227 -214
612 150 1014 211 APPEND‘IX
1070 166 1556 215 CHRONOLOGJ

169 285 380 309 ,ωε
403 255 588 336 Capta
628 261 686 313 δε
724 249 952 311 incensa
993 252 1179 312 castra.
1251 255 1476 313 Horum
1515 256 1684 317 unuin

171 338 240 381 *A-
261 341 312 378 U·
331 340 382 381 C.
400 360 500 420 pro
522 337 694 395 muris
715 337 889 395 etiam
917 333 1227 397 defendere
1251 337 1361 396 ausi
1384 336 1509 396 sunt
1528 341 1684 402 Daci.

236 409 342 461 ⁸59·
402 421 723 482 Temeritas
750 421 1007 504 graviore
1033 421 1203 480 exitio
1239 422 1501 503 tepensa3
1555 424 1683 484 haec-

223 483 346 599 {³1⁰0}
405 529 516 589 que
548 503 656 565 fuit
685 504 944 588 suprema
968 506 1160 566 Daciae
1192 505 1394 567 clades,
1455 507 1683 590 Propin-

228 593 243 606 “
329 584 344 602 ⁰
406 610 616 673 quante
635 598 752 673 jam
777 592 970 652 hieme
991 639 1007 663 ‚
1038 590 1299 649 additum
1327 590 1498 650 militi
1521 591 1682 652 dona-

401 678 620 748 tivum,
645 684 703 737 8<
726 677 784 735 in
808 676 1046 736 hiberna
1069 673 1259 734 miffus
1285 677 1377 735 est.
1404 675 1691 737 Remanfit

401 762 685 843 Trajanus
704 809 721 833 ,
750 784 847 843 per
877 761 1133 819 hiemem
1158 760 1350 819 Daciae
1375 760 1533 819 statui
1558 784 1681 820 con-

389 844 659 905 sulturus.
731 845 1052 906 Hadrianus
1079 892 1096 917 ,
1147 844 1248 925 qui
1290 845 1350 903 in
1391 845 1500 903 hoc
1541 843 1699 905 belle»

396 930 644 1014 Principi
691 931 909 990 strenue
959 927 1143 989 adfuit
1172 977 1187 1001 ‚
1239 949 1561 988 muneratus
1616 930 1680 988 efl

396 1015 705 1075 adamante
729 1062 746 1090 ‚
781 1037 958 1097 quem
994 1012 1111 1096 ipse
1141 1015 1418 1094 Trajanus
1447 1037 1478 1072 a
1505 1011 1695 1073 Nerva

398 1121 731 1183 acceperat:
776 1100 1084 1180 laetumque
1121 1096 1229 1157 fuit
1263 1098 1490 1182 imperii
1518 1120 1679 1181 augu-

398 1207 573 1246 num.

495 1271 586 1327 IN
627 1266 790 1326 Urbe
817 1314 834 1339 ‚
881 1287 1054 1347 quam
1103 1265 1382 1324 continuae
1422 1264 1605 1324 Princi
1639 1257 1664 1276 ⁴

398 1351 647 1415 &diroti-32
674 1352 835 1410 novis
860 1350 919 1407 in
950 1349 1068 1408 dies
1102 1350 1318 1431 gaudiis
1345 1349 1679 1423 extulerant}

405 1441 569 1498 aucta
593 1436 668 1494 est
694 1433 886 1494 laetitia
908 1481 923 1506 ‚
965 1432 1250 1493 celebrato
1288 1434 1679 1515 quinquennal:

404 1525 440 1588 J
445 1524 564 1583 ovis
580 1519 896 1603 Capitolini
915 1519 1223 1579 certamine
1244 1568 1258 1592 ,
1281 1542 1311 1577 a
1332 1518 1694 1592 Domitianos

406 1628 470 1668 ut
495 1605 656 1689 supra
679 1604 1126 1665 memoravimus
1147 1651 1164 1677 ,
1207 1603 1475 1662 instituto.
1528 1605 1680 1662 Sextc

405 1689 516 1751 hoc
547 1690 715 1749 lustro
738 1692 803 1749 L.
826 1687 1089 1749 Valerius
1112 1688 1334 1748 Pudens
1354 1736 1370 1760 ,
1404 1687 1534 1746 cum
1562 1685 1680 1748 effe1

405 1796 691 1837 annorum
721 1772 999 1832 tredecim
1024 1820 1041 1844 ,
1079 1773 1226 1831 inter
1251 1792 1442 1854 poetas
1467 1772 1680 1830 Latino.

407 1859 677 1920 omnibus
699 1853 988 1916 sententiis
1009 1856 1265 1936 judicum
1285 1875 1581 1914 coronatus
1605 1858 1679 1916 est

407 1942 591 2020 Quod
642 1964 760 1999 non
811 1940 887 1998 ob
934 1940 1250 2000 claritatem
1289 1940 1506 2021 ingenii
1532 1988 1548 2013 ‚
1601 1940 1681 2001 sec

407 2047 639 2110 propter
683 2022 1125 2107 singularitatem
1153 2073 1169 2097 ‚
1213 2033 1270 2085 δε
1301 2025 1590 2108 proniores
1626 2028 1681 2084 at'

410 2107 714 2195 ingeniosae
734 2109 982 2192 pueritiae
1000 2109 1438 2169 admirationem
1458 2109 1680 2183 animos

411 2195 724 2256 retulerim.
778 2192 1120 2275 Plerumque
1162 2194 1316 2252 enim
1353 2191 1682 2276 improspera

411 2302 627 2362 praecox
653 2298 849 2337 natura
872 2303 884 2336 ε
924 2301 1028 2337 nec
1053 2279 1324 2360 portentis
1342 2325 1360 2350 ,
1395 2276 1491 2337 sed
1519 2278 1683 2337 studit

202 2359 478 2457 τῇβε
501 2385 621 2423 arte
649 2362 845 2445 vigent
873 2361 1062 2422 literae.

256 2485 364 2526 860.
507 2451 574 2508 L.
593 2451 640 2507 L
658 2471 676 2504 1
696 2470 726 2504 c
742 2470 760 2504 1
777 2469 815 2505 N
836 2470 854 2504 1
875 2470 911 2505 o
951 2445 1083 2505 Sura
1108 2446 1223 2516 HI,
1250 2445 1322 2504 C.
1347 2443 1496 2503 Sosio
1522 2446 1682 2503 Sene*-

252 2560 291 2600 J.
315 2558 367 2598 C.
419 2534 582 2594 cione
608 2533 694 2594 IV
727 2529 1060 2591 consulibus.
1111 2529 1411 2589 Danubius
1439 2551 1554 2587 non
1578 2534 1681 2607 jam

264 2636 372 2677 107·
416 2617 581 2680 limes
609 2665 629 2693 ‚
674 2614 769 2680 sed
817 2639 939 2701 pars
982 2613 1090 2678 fuit
1136 2614 1363 2697 imperii
1404 2611 1681 2683 Romani,
