1672 3174
193 148 870 197 CHRONoLonAM
929 128 1169 187 Nom.
1258 147 1372 209 415

423 266 481 311 L.
535 260 862 309 VALERIO.
912 259 971 306 L.
1024 256 1058 303 F
1406 266 1598 291 ΞΒ

1403 307 1452 348 A.
1477 306 1599 349 uc.

583 356 899 402 PVDENTI
1447 376 1560 428 859.

193 445 198 448 ’
238 450 391 500 HIC.
427 452 599 498 CVM.
631 451 857 498 ESSET.
891 447 1244 496 ANNORVM
1443 452 1479 494 J.
1507 452 1555 492 C.

270 548 442 594 xm.
474 545 740 593 ROMAE.
780 543 1195 592 CERTAMINE
1462 521 1571 576 1069·

219 643 426 690 IOVIS.
496 641 935 688 CAPITOLINI.
1001 638 1274 686 LVSTRO

247 737 491 785 SEXTO.
525 734 927 783 CLARITATE
960 734 1244 780 INGENII

298 832 752 879 CORONATVS.
792 830 939 877 EST.
978 828 1195 875 INTER

224 927 515 975 POETAS.
562 927 892 973 LATINOS.
940 924 1255 971 OMNIBVS

348 1021 784 1071 SENTENTHS.
822 1019 1136 1069 IVDICVM

170 1169 254 1218 AD
280 1167 502 1218 TYRAM.
519 1167 670 1235 Tyras
689 1169 877 1230 fluvius,
912 1185 1036 1217 nunc
1057 1166 1097 1217 Ze
1120 1165 1341 1235 Dniefter
1357 1183 1381 1230 ,⁶
1410 1190 1606 1227 Ξ

103 1252 180 1286 aut
206 1274 218 1296 ‚
254 1252 301 1284 ut
325 1237 403 1283 alii
428 1233 624 1282 scribunt
655 1233 694 1283 Ze
721 1235 918 1300 Niester.
1410 1250 1460 1289 A.
1480 1251 1531 1290 U.
1548 1249 1605 1300 C.

169 1301 217 1353 V
217 1301 386 1353 istoriis
427 1299 683 1351 addiderat.
738 1302 939 1351 Daciam
971 1341 983 1363 ‚
1028 1301 1320 1368 provinciam
1357 1318 1384 1349 a
1453 1325 1566 1369 350·

101 1363 311 1430 Trajano
335 1367 537 1416 additam
552 1407 564 1429 ‚
587 1368 735 1416 decies
757 1385 949 1417 centena
965 1370 1111 1417 millia
1128 1371 1176 1416 in
1195 1370 1384 1416 circuitu
1437 1406 1461 1446 J
1511 1404 1548 1445 C
1568 1416 1571 1418 ,

103 1449 256 1484 tenere
278 1435 412 1483 docet
436 1434 682 1499 Eutropius
712 1435 813 1483 libr.
834 1435 967 1487 VIII.
1004 1436 1155 1482 Immo
1177 1433 1384 1483 additum
1469 1433 1479 1447 '
1552 1428 1570 1445 ”

101 1500 190 1551 esse
217 1502 319 1567 plus
354 1500 493 1568 qudm
527 1501 742 1550 tredecies
778 1519 971 1552 centena
998 1502 1145 1549 millia
1173 1500 1387 1566 passuum
1466 1487 1577 1534 1079

98 1568 265 1634 probat
284 1568 482 1617 eruditus
497 1567 731 1617 d’Anville
743 1608 756 1631 ‚
777 1568 1022 1618 Me'moires
1035 1567 1089 1616 de
1103 1567 1389 1620 Z'Acade'mie

100 1634 273 1701 quczle
295 1633 374 1684 des
401 1632 704 1698 Inscriptions
721 1675 735 1697 ,
761 1634 1139 1688 T0m.XXVIII
1160 1676 1172 1698 ‚
1200 1653 1249 1704 p.
1271 1648 1388 1699 462.

172 1700 293 1751 Vias
314 1700 507 1763 aperire.
526 1701 685 1749 Multae
704 1702 853 1751 adhuc
875 1705 1048 1752 exstant
1065 1706 1114 1752 in
1130 1704 1282 1754 Dacia
1305 1709 1388 1756 viae

99 1766 294 1831 Trajani
309 1767 423 1831 jussu
440 1767 570 1816 faetae
587 1786 602 1828 3
626 1768 857 1837 hodieque
877 1772 1170 1837 appellantur
1182 1771 1357 1822 Tro'z'an
1373 1812 1389 1836 ,

98 1848 317 1900 corrupto
356 1836 548 1883 nomine
586 1853 675 1900 pro
715 1835 913 1899 Trajan.
966 1837 1163 1888 Viarum
1200 1839 1387 1891 illarum

100 1905 347 1967 praecipuae
377 1901 509 1962 sunt,
555 1919 655 1966 quae
696 1920 724 1951 a
762 1902 1034 1954 Viminiaco
1065 1941 1081 1965 ,
1126 1922 1252 1956 nunc
1293 1907 1389 1959 Vi-

98 1965 310 2030 palanlccz
342 2006 359 2026 ,
418 1965 658 2015 Tibiscum
693 2006 706 2027 ‚
758 1987 883 2017 nunc
932 1969 1181 2019 Temesvar
1207 2011 1222 2031 ‚
1277 1974 1390 2024 inde

100 2030 544 2100 Sarmizegethusam
566 2071 580 2093 ‚
622 2031 671 2084 V
669 2032 793 2082 arbel
815 2075 831 2097 ‚
872 2051 927 2083 ac
963 2034 1150 2084 demum
1187 2037 1387 2089 Patous-

100 2098 200 2149 sum
220 2140 232 2162 ‚
258 2099 379 2150 Le'es
401 2139 413 2161 ,
440 2098 580 2168 usque
601 2101 975 2166 protendebatur.
1003 2101 1164 2151 Altera
1183 2105 1239 2153 ab
1261 2108 1386 2156 ostiis

100 2166 244 2216 ferme
277 2168 412 2216 Arari
447 2168 603 2229 fluviis,
635 2185 759 2217 nunc
794 2167 836 2219 le
868 2168 999 2218 Siret
1017 2207 1031 2231 ,
1066 2169 1124 2219 ad
1161 2169 1340 2241 Tyram
1371 2212 1386 2237 ,

98 2233 142 2284 Ie
170 2234 390 2302 Dniester
417 2274 431 2296 ‚
478 2233 685 2282 ducebat.

170 2299 354 2363 Oppida
383 2338 398 2361 ‚
433 2301 591 2367 castra.
655 2299 775 2364 Quae
815 2304 932 2352 inter
976 2304 1239 2354 eminebant
1279 2306 1384 2354 Ul-

99 2370 294 2433 pianum
318 2407 330 2430 ,
375 2386 497 2417 nun:
525 2408 536 2429 ,
571 2383 620 2415 ut
654 2367 850 2417 creditur
875 2409 889 2431 ‚
930 2368 1179 2436 Colofi‘ar‚
1222 2371 1384 2422 Castra

102 2435 315 2496 Traiana
339 2474 350 2495 ,
385 2452 509 2483 nunc
532 2433 723 2484 Ribm'le.

166 2500 462 2568 Zernenfium
492 2500 685 2550 colonia.
735 2501 915 2567 Digest.
946 2502 1048 2551 libr.
1072 2503 1131 2552 L.
1167 2503 1264 2552 Tit.
1293 2519 1378 2567 15,

95 2565 156 2619 de
180 2566 393 2636 Cenfibus
414 2608 429 2634 ,
452 2568 572 2635 Leg.
602 2586 619 2616 1
639 2607 651 2629 ‚
681 2585 735 2617 ex
755 2568 970 2635 Ulpiano
993 2607 1006 2631 ‚
1034 2589 1164 2619 num.
1187 2576 1233 2618 8.
1265 2570 1376 2622 No·-

1074 2636 1106 2687 S
1142 2640 1186 2686 iv
