1720 3184
537 157 594 216 T
640 178 659 216 1
707 176 742 215 T
787 173 825 212 u
872 166 917 212 s:
1255 149 1366 228 v'8‘7‘

88 253 372 320 cineribus
396 304 412 330 ‚
442 255 757 340 pumicibus
779 302 796 327 ‚
826 247 1199 332 ambustisque
1227 249 1371 334 lapi-
1389 262 1593 298 κεπτ-’ἓ

96 344 258 402 dibus
286 342 391 400 late
422 339 835 421 depluentibuS.
871 337 1162 396 Interritus
1184 382 1201 408 ‚
1221 335 1371 394 inter
1389 330 1439 372 A.
1459 333 1510 370 U·
1530 330 1598 382 Εὖ

97 423 356 485 incendia
371 472 386 496 ,
408 444 667 482 montem
691 423 831 503 petit
853 419 1189 502 :sulphureis
1210 418 1370 478 flam·
1431 405 1541 461 832.

95 508 201 568 mis
225 508 585 587 crassioreque
606 504 846 587 caligine
861 503 1053 587 spiritu
1069 503 1370 576 obstructo,
1424 487 1464 528 ³·
1495 487 1547 531 Β*

91 591 437 651 exanimatus
461 591 552 650 est.
579 590 768 647 Tanta
790 610 983 669 autem
1015 585 1123 646 fuit
1146 587 1372 670 ignium
1449 572 1539 619 ⁷2⁴

93 675 218 746 vis,
256 694 317 733 ut
362 675 574 733 cineres
616 672 676 730 in
720 670 977 731 Africam
999 705 1019 743 ·,
1055 671 1267 748 Syriam
1315 679 1377 732 &

93 762 397 841 AEgyptum
436 755 594 815 fuisse
633 755 849 816 delatos
886 754 1201 836 vulgatum.
1253 754 1378 815 Ubi

95 842 207 901 haec
239 844 436 901 Rom-x
462 839 654 899 audita
676 888 693 913 ,
733 840 803 900 ab
833 838 1101 899 omnibus
1135 837 1382 919 trepida-

97 945 220 984 turn
249 926 339 985 est.
391 925 652 1006 Princeps
689 924 762 983 ad
807 922 1142 983 miserorum
1181 919 1376 983 solatia

93 1017 153 1069 &
179 1006 497 1068 levamenta
524 1030 678 1067 curas
705 1030 904 1067 omnes
929 1006 1115 1066 vertit.
1161 1008 1206 1065 E
1235 1029 1379 1067 con-

90 1090 357 1151 sularium
377 1114 617 1152 numero
641 1091 794 1151 ducti
817 1139 833 1165 ‚
875 1091 973 1174 qui
993 1090 1377 1173 Campaniam

96 1174 405 1259 spectarent
428 1186 486 1238 ὃς
514 1174 836 1236 refoverent
868 1201 881 1234 ι
920 1174 1070 1234 bona
1092 1173 1384 1256 oppresso-

96 1281 224 1320 rum
248 1308 265 1334 ‚
306 1283 551 1343 quorum
600 1259 837 1321 heredes
885 1282 1004 1318 non
1053 1258 1386 1333 exstabant;

96 1345 429 1405 restitutioni
479 1342 810 1405 afflictarum
863 1343 1159 1405 civitatum
1219 1343 1382 1414 atui-7

102 1427 252 1488 buta.

182 1513 346 1570 Tiro
383 1508 634 1594 Augusto
660 1510 803 1573 VIII
827 1558 844 1583 ,
880 1509 1222 1570 Domitiano
1250 1509 1380 1568 Cae-
1400 1535 1598 1576 ἑτέ-Ξ

100 1593 215 1653 sare
239 1597 356 1657 Vll
382 1594 697 1655 consulibus
720 1642 737 1668 ,
777 1616 882 1653 nec
912 1591 1194 1677 sanguinis
1223 1615 1380 1652 com·
1400 1592 1452 1634 A.
1471 1595 1524 1634 U·
1541 1593 1597 1650 Q

101 1679 373 1738 munione
397 1725 414 1750 ‚
459 1701 565 1738 nec
602 1677 864 1739 societate
904 1678 1188 1737 honorum
1211 1725 1229 1750 ‚
1273 1700 1378 1739 nec
1446 1673 1554 1728 833,-

100 1762 368 1845 Principis
387 1762 739 1846 indulgentia
754 1761 1077 1844 placabatur
1092 1761 1379 1822 Domitia·
1437 1755 1476 1795 J·
1504 1754 1560 1804 C’s

100 1846 163 1904 ni
189 1848 407 1905 animus
428 1894 444 1918 ,
485 1846 892 1907 dominationis
917 1845 1182 1929 cupidine
1205 1866 1380 1907 atrox·
1466 1829 1545 1887 8⁰⁵³

101 1928 182 1988 At
215 1930 258 1988 is
291 1930 467 1988 modo
490 1929 711 1989 infidias
740 1930 898 1989 fratri
920 1931 1124 1991 struere
1145 1977 1163 2003 ‚
1205 1930 1387 1990 modo

104 2010 399 2072 sollicitare
428 2014 695 2073 exercitus
720 2061 737 2085 ,
775 2012 970 2096 sugam
997 2036 1227 2095 quoque
1257 2036 1384 2074 me·-

108 2094 291 2156 ditari.
329 2096 545 2156 Contra
568 2099 734 2156 Titus
751 2144 767 2169 ,
794 2097 853 2155 in
885 2096 1003 2156 dies
1028 2097 1385 2170 clementior,

107 2202 210 2239 nec
235 2178 417 2240 saevire
440 2229 456 2253 ,
484 2203 586 2241 nec
607 2179 923 2241 succensere
943 2228 960 2254 ,
985 2203 1057 2240 ne
1077 2181 1136 2240 in
1163 2181 1388 2242 minore

109 2264 341 2343 quidem
368 2265 581 2324 honore
607 2263 838 2325 fratrem
864 2264 1070 2326 habere
1093 2313 1111 2338 ,
1151 2264 1247 2338 sed
1273 2266 1390 2325 im«-

110 2347 250 2426 perii
299 2347 615 2409 consortem
666 2347 1147 2431 successoremque
1199 2348 1387 2432 palam

113 2431 290 2490 testari
322 2457 339 2511 3
385 2431 595 2494 secreto
633 2432 1135 2506 tantumdlacrimis
1166 2440 1224 2492 &
1255 2454 1385 2514 pre-

111 2513 265 2572 cibus
302 2539 458 2577 orare
482 2564 498 2589 ‚
536 2545 569 2569 α
586 2538 646 2576 ut
677 2518 910 2577 tandem
935 2538 1136 2576 mutuo
1169 2537 1299 2596 erga
1325 2513 1397 2592 se,

113 2597 348 2660 »animo
372 2600 545 2663 vellet
573 2600 752 2665 effe».
782 2605 913 2665 Haec
935 2601 1061 2663 Titi
1083 2600 1388 2661 clementia-
