1720 3184
95 271 287 297 232

92 325 145 368 Α.
170 329 220 368 U.
240 329 293 369 C.

140 396 251 453 832.

134 472 254 514 U-C.
342 505 353 516 .

143 550 232 602 59.-

320 153 396 225 84
501 149 896 212 APPEme
945 172 1430 219 CHRONoroffi

315 249 751 335 praesentiscebat
773 301 790 325 ,
835 251 1080 314 illudens
1102 303 1119 328 ,
1155 284 1189 308 cc
1206 277 1268 316 ut
1283 288 1346 329 σο,
1371 256 1600 338 inquit}

324 364 358 388 oc
377 357 514 420 puto
540 385 556 410 ,
601 336 738 396 deus
777 335 926 396 fioae.
972 339 1209 399 Interim
1243 341 1315 400 ad
1348 342 1601 424 impera-

316 421 460 481 toria
502 421 695 479 munia
737 419 985 481 intentus
1007 468 1024 494 ,
1071 422 1210 506 ipsas
1240 426 1412 484 etiam
1443 426 1593 507 lega<

314 527 497 566 tiones
525 503 789 565 audiebat
810 506 1034 565 cubans,
1084 511 1198 567 Has
1228 509 1375 568 inter
1405 531 1557 568 curas
1576 553 1597 578 ‚

309 589 464 650 alvus
501 610 731 671 repente
771 588 940 671 usque
981 589 1054 649 ad
1090 589 1476 652 defeetionem
1509 591 1598 650 so·-

311 674 448 734 luta.
524 675 613 734 Ne
669 696 819 732 mors
876 675 1120 734 inertem
1174 676 1595 758 cubantemque

309 756 658 841 opprimeret
681 805 696 830 ‚
745 755 1059 836 consuluit3
1108 780 1308 819 <cratus
1342 763 1600 842 Impera-

308 863 544 902 notorem
582 844 819 902 stantem
856 843 1005 901 mori
1041 864 1378 925 oportere».
1431 845 1596 903 Dum

308 923 597 1009 consurgit
617 974 633 998 ‚
657 950 719 985 ac
748 925 948 985 nititur
966 974 982 998 ‚
1013 925 1160 986 inter
1189 951 1388 987 manus
1414 925 1601 987 suble-

312 1010 569 1073 vantium
593 1010 883 1070 exstinstus
909 1012 983 1069 est
1009 1033 1071 1067 rx
1100 1010 1380 1071 Kalendas
1414 1012 1449 1075 J
1453 1010 1552 1070 ulii
1578 1032 1601 1084 ‚¹

309 1117 527 1155 annum
558 1117 728 1177 agens
765 1094 936 1153 aetatis
966 1093 1369 1177 sexageslmum
1399 1119 1461 1154 ac
1491 1119 1599 1154 no-

312 1202 456 1240 num
479 1226 496 1251 ,
547 1177 821 1260 superque
859 1175 1113 1238 mensem
1146 1203 1206 1237 ac
1244 1179 1400 1239 diem
1435 1179 1599 1260 septi-

311 1287 479 1324 mum
519 1287 531 1320 ε
592 1262 852 1345 Princeps
906 1262 1084 1321 animi
1148 1263 1543 1346 magnitudine
1579 1311 1598 1336 ,

313 1346 678 1408 consiliorum
707 1345 1039 1430 prudentia,
1071 1346 1414 1426 parcimonia
1436 1346 1600 1407 simul

312 1440 375 1493 &
389 1430 810 1514 magnificentia
827 1429 986 1514 super
1006 1430 1256 1512 priorum
1274 1431 1599 1513 Principum

310 1515 504 1578 laudes
535 1518 755 1573 evestus
782 1539 793 1572 ε
817 1513 1178 1596 sequentibus
1204 1515 1464 1598 exemplo
1488 1513 1598 1575 fuit

309 1609 374 1661 ὃς
404 1600 796 1659 incitamento,
842 1600 1062 1659 Primus
1100 1597 1387 1660 Caesarum
1420 1600 1599 1660 vitam

314 1682 437 1745 fato
475 1682 756 1766 implevit.

749 1791 1176 1870 TITUs

403 1936 628 2011 QUOD
675 1959 904 2017 quoque
951 1936 1009 1994 in
1053 1934 1297 2017 imperio
1342 1948 1605 2009 novum}

311 2016 461 2079 filius
479 2020 621 2101 patri
642 2017 907 2080 succeffit.
925 2020 1092 2078 Titus
1116 2020 1271 2077 enim
1290 2023 1603 2100 Imperator

316 2101 691 2164 consalutatus
738 2105 813 2163 est
854 2127 871 2181 3
936 2100 1382 2185 promissumque
1430 2103 1602 2163 militi

311 2186 655 2248 donativum
683 2213 695 2245 :
739 2185 909 2246 fratre
949 2189 1055 2247 iras
1091 2210 1206 2245 non
1239 2186 1558 2246 occultante
1579 2235 1600 2260 ,

314 2279 376 2331 &
421 2271 519 2330 diu
563 2274 824 2331 cunctam
869 2295 939 2330 an
986 2270 1225 2354 duplum
1265 2270 1601 2330 donativum

315 2354 572 2415 donaret.
621 2355 763 2416 Inde
793 2355 1006 2414 affiduae
1032 2363 1146 2437 ejus
1175 2353 1412 2435 querelae
1441 2354 1602 2414 relic-

315 2460 444 2500 tum
467 2438 521 2499 se
552 2441 884 2523 participem
916 2439 1141 2523 imperii
1166 2486 1182 2510 ,
1213 2436 1312 2498 sed
1339 2436 1605 2499 fraudem

315 2526 653 2586 testamento
680 2525 1014 2585 adhibitam.
1059 2526 1199 2600 Quae
1222 2521 1361 2582 ‘odia
1388 2570 1406 2596 ‚
1457 2521 1601 2583 dum

313 2609 532 2670 viveret
558 2630 714 2691 pater
734 2658 750 2683 ‚
782 2608 925 2669 clam
950 2609 1188 2670 exercita
1208 2653 1227 2679 ,
1265 2627 1388 2667 tum
1414 2606 1601 2669 mani-r

314 2690 451 2756 festa
478 2742 496 2771 ,
541 2715 765 2760 crevere
810 2692 1031 2780 semper
1057 2742 1076 2770 ,
1122 2692 1303 2756 donec
1352 2690 1600 2774 imperio,
