1672 3174
82 305 137 346 A.
157 307 205 344 U.
230 306 279 346 C.

138 381 251 432 856.

120 459 158 499 J.
195 461 248 502 C.

86 527 89 532 ’
130 543 247 593 103.

297 143 416 201 '392
571 124 665 185 IN
730 125 1336 188 APPENDICEM

301 238 399 273 erat
427 241 641 275 numerus
674 227 980 274 mutuantium
1004 265 1017 287 ,
1055 225 1182 276 tant&
1206 231 1372 278 certior
1397 228 1578 278 reditus.

369 290 422 340 N
426 310 514 340 unc
532 291 641 342 ver&
666 293 814 341 noluit
833 292 1055 360 Princeps
1080 295 1495 360 providentissimus
1519 298 1582 346 ita

307 358 541 407 cbnsulere
582 360 805 426 egestati,
841 377 889 408 ut
926 377 1172 426 parentum
1207 361 1362 411 officia
1397 365 1581 428 penitus

305 424 554 485 cessarent,
593 424 806 493 inersque
839 427 1105 478 educaretur
1143 431 1369 493 juventus.
1421 430 1584 496 Itaque

303 507 352 541 ut
383 495 550 557 inopes
591 492 852 544 Veleiatum
894 498 1025 560 pueri
1067 496 1325 564 puellaeque
1363 496 1584 546 alimenta

301 561 602 623 acciperent,
641 559 828 628 fingulis
862 562 1081 628 legitimis
1113 561 1218 610 filiis
1251 562 1503 630 adsignavit
1531 566 1580 612 in

296 625 504 691 singulos
519 624 694 676 menses
711 628 903 677 sedenos
920 628 1157 691 sestertios,
1174 628 1373 678 Gallicae
1389 644 1584 679 monetae

296 691 447 740 libras
469 711 489 757 3
511 732 529 752 ,
557 710 658 742 cum
682 694 839 761 affibus
860 715 883 743 2.
905 713 925 755 ,-
964 695 1151 763 fingulis
1170 697 1386 763 legitimis
1407 695 1586 745 filiabus

296 761 347 807 in
377 758 581 827 fingulos
612 761 787 810 menses
823 761 1063 811 duodenos
1093 760 1311 811 sestertios
1332 802 1345 824 ,
1384 761 1588 812 Gallicae

299 842 496 876 monetae
534 827 679 877 libras
701 848 726 876 2
753 868 770 888 ,
808 846 907 878 cum
930 828 1087 895 affibus
1111 838 1137 878 6
1161 847 1182 891 ,·
1224 829 1377 895 spurio
1409 829 1500 878 dati
1535 832 1587 878 in

295 891 503 959 singulos
534 913 684 944 annos
715 895 897 944 sestertii
930 899 1112 945 centeni
1142 897 1429 964 quadrageni
1465 913 1586 964 qua-
1627 914 1629 916 ·

302 962 446 1021 terni,
478 960 679 1012 Gallicae
703 978 892 1012 monetae
916 961 1044 1012 librae
1070 982 1126 1021 27
1145 1002 1161 1023 ,
1193 980 1291 1012 cum
1313 963 1470 1030 affibus
1498 980 1586 1022 12,·

300 1026 462 1091 spuriae
496 1030 546 1077 in
578 1029 780 1096 fingulos
813 1048 961 1078 annos
994 1033 1173 1078 nummi
1203 1032 1385 1080 centeni
1411 1031 1590 1090 viceni,

299 1092 505 1144 Gallicae
582 1111 775 1146 monetae
822 1095 964 1146 Vlibrae
1009 1116 1063 1161 23
1106 1135 1122 1157 ,
1182 1113 1282 1145 cum
1332 1095 1495 1164 afflhus
1538 1101 1588 1147 6.

300 1159 479 1209 Mirum
547 1162 816 1230 quibusdam
887 1162 1062 1212 videtur
1122 1202 1135 1225 ‚
1220 1161 1350 1231 qubd
1418 1162 1591 1223 Traia-

302 1245 389 1275 nus
429 1228 545 1276 nihil
579 1232 831 1297 illegitimis
868 1232 1020 1295 pueris
1085 1229 1388 1296 adfignaverit
1412 1268 1425 1290 ‚
1479 1228 1587 1279 etim

303 1296 402 1357 ejus
438 1295 683 1345 liberalitas
726 1297 785 1345 ad
824 1296 997 1363 spurios
1035 1300 1311 1363 perveniret.
1367 1295 1431 1344 At
1470 1295 1590 1344 forte

302 1361 430 1426 apud
459 1361 690 1412 Veleiates
715 1403 726 1423 ,
766 1364 822 1412 ab
857 1363 989 1411 Urbe
1021 1381 1224 1412 remotos
1247 1403 1259 1425 ‚
1306 1370 1350 1411 δε
1388 1380 1589 1430 quorum

303 1428 427 1476 haud
462 1447 637 1496 magna
671 1447 766 1479 erat
798 1431 952 1478 civitas
977 1469 989 1490 ‚
1027 1429 1126 1479 satis
1161 1430 1243 1478 fuit
1280 1447 1464 1478 morum
1486 1469 1499 1491 ,
1540 1445 1588 1478 ut

305 1496 421 1543 nulli
463 1512 571 1545 tunc
608 1500 656 1545 in
693 1498 745 1546 est
778 1514 1126 1545 numerarentur
1169 1498 1440 1564 illegitimi3
1475 1513 1589 1557 aut,

302 1561 338 1609 fi
367 1564 444 1631 qui
466 1580 625 1626 erant,
659 1565 821 1633 inopia
854 1583 950 1614 non
980 1563 1264 1615 laborabant.
1302 1562 1441 1614 Forte
1463 1582 1591 1632 quo-⁴

306 1647 399 1695 que
430 1632 683 1698 illegitimis
714 1634 827 1683 nihil
858 1633 982 1682 dedit
1014 1633 1244 1697 Trajanus
1266 1673 1277 1693 ‚
1318 1650 1377 1681 ne
1409 1649 1590 1681 concu—

306 1697 482 1747 binatui
506 1700 679 1750 faveret
704 1741 716 1761 ‚
751 1708 796 1749 &
830 1719 878 1750 ut
912 1717 1136 1768 quantum
1170 1700 1315 1766 posset
1349 1700 1549 1748 conubia
1575 1738 1590 1760 ,

301 1766 355 1811 in
388 1767 550 1832 quibus
581 1768 729 1833 posita
753 1771 934 1833 imperii
961 1770 1026 1815 vis
1053 1776 1099 1816 δε
1126 1767 1334 1816 sanctitas
1352 1806 1365 1824 ,
1398 1765 1589 1814 foveret.

303 1829 361 1876 In
412 1831 587 1896 spurios
636 1835 833 1881 liberalis
880 1834 999 1892 fuit,
1045 1835 1248 1881 misertus
1297 1849 1589 1897 puerorum,

302 1912 503 1962 quorum
537 1897 787 1947 miserrima
821 1915 916 1947 erat
950 1897 1043 1946 sors
1068 1939 1080 1959 ‚
1118 1903 1293 1946 incerto
1326 1914 1473 1964 patre.

371 1962 710 2014 Extendebatur
740 1964 845 2013 sane
869 1965 1065 2026 Traiani
1094 1965 1339 2013 liberalitas
1367 1963 1507 2031 usque
1531 1963 1590 2013 ad

304 2030 609 2095 pubertatem.
650 2032 703 2080 Id
729 2033 853 2080 enim
877 2031 956 2079 usu
977 2048 1212 2096 receptum
1237 2072 1250 2094 ‚
1284 2048 1332 2080 ut
1355 2032 1508 2080 videre
1529 2032 1592 2079 est

303 2100 354 2146 in
387 2098 567 2164 Digest.
605 2099 707 2146 libr.
739 2097 997 2159 XXXIV,
1027 2098 1122 2146 Tit.
1152 2117 1169 2146 1
1199 2136 1216 2159 ,
1258 2096 1313 2146 de
1342 2097 1592 2147 Alimentis

304 2162 378 2212 vel
412 2162 599 2214 cibariis
634 2164 816 2233 legatis.
857 2165 949 2213 Sed
984 2164 1090 2213 etim
1123 2183 1224 2232 quae
1256 2164 1420 2213 dantur
1452 2164 1592 2231 usque

303 2229 363 2277 ad
408 2232 697 2296 pubertatem
726 2271 739 2293 ‚
783 2232 1083 2280 extendantur
1126 2230 1266 2299 usque
1305 2231 1362 2278 ad
1400 2232 1590 2296 plenam
1649 2251 1652 2254 ·

301 2295 625 2361 pubertatem3
656 2303 818 2365 nequis
839 2297 956 2347 foret
985 2299 1254 2364 ambagibus
1287 2298 1413 2345 locus
1434 2337 1446 2357 ‚
1482 2296 1590 2344 defi-
1648 2315 1654 2326 ⁷

301 2365 401 2411 nita
420 2366 483 2413 est
500 2363 595 2430 ipsa
615 2381 734 2426 aetas,
755 2382 802 2414 ut
821 2363 1010 2412 habetur
1029 2366 1078 2411 in
1092 2364 1270 2431 Digest.
1297 2363 1330 2412 l.
1347 2361 1591 2425 XXXIV,

301 2431 394 2478 loc.
434 2433 509 2480 cit.
547 2431 667 2498 Leg.
695 2450 784 2493 14,
826 2448 880 2477 ex
919 2430 1153 2494 Ulpiano.
1198 2428 1255 2478 Si
1294 2429 1394 2494 quis
1429 2447 1586 2478 exem·
1648 2443 1654 2466 f

299 2495 423 2558 plum
456 2497 769 2547 alimentorum
793 2535 808 2558 ‚
847 2514 944 2561 quae
973 2495 1138 2545 dudum
1159 2494 1315 2557 pueris
1349 2495 1399 2544 [r
1423 2495 1587 2559 puellis

305 2562 531 2617 dabantur
553 2604 571 2634 ,
611 2564 721 2618 velit
734 2564 869 2634 sequi
893 2581 916 2630 ,⁴
941 2562 1067 2633 sciat
1098 2560 1391 2626 Hadrianum
1427 2561 1591 2630 consti-3
