1720 3184
288 173 361 226 62
557 168 1279 231 SUPPLEMENTUM

71 263 493 326 ahs-{meust
545 289 947 351 purpurearum
996 268 1404 349 Babylonicave
1452 279 1588 347 artes.

79 338 130 384 ᾼ.
153 342 204 379 U.
221 343 269 382 C.

122 412 229 465 824.

115 486 156 528 J.
187 488 242 531 C.

138 568 223 616 71·

291 351 564 434 piolarum
583 353 837 425 vestium,
854 377 1214 436 gemmarum
1232 403 1248 427 ‚
1266 356 1323 412 in
1341 370 1574 413 coronas

292 434 509 516 aliaque
548 435 610 493 id
646 459 820 519 genus
863 459 1196 497 ornamenta
1236 436 1577 519 composita-

292 543 420 580 rum
438 567 453 591 ‚
487 520 685 579 strues:
715 517 1121 604 praefulgebant
1145 523 1384 582 deorum
1408 520 1577 580 fimu-

284 603 465 676 lacta,
482 604 875 688 magnitudine
894 615 950 666 ὃς
967 628 1083 665 arte
1109 606 1406 690 stupenda3
1432 602 1574 688 ipsa-

288 710 400 770 que
439 687 705 748 animalia
732 737 748 761 ‚
791 688 898 748 suis
943 714 1176 772 quaeque
1222 689 1431 749 naturis
1477 711 1576 748 ex·-

288 770 483 855 preffa.
563 774 787 832 Cuncsta
840 795 1032 834 autem
1077 797 1251 847 aum,
1295 793 1529 856 argento
1556 819 1578 844 ‚

292 856 464 916 ebore
485 853 812 939 splendida:
840 857 1015 940 bajuli
1038 882 1266 940 quoque
1288 857 1580 941 purpureis

292 940 582 1022 aureisque
641 940 934 1001 radiabant
987 943 1336 1002 indumentis
1387 967 1399 1000 z
1461 939 1577 1024 ipsa

295 1026 647 1109 captivorum
711 1024 1044 1087 deformitas
1109 1046 1579 1087 ornamentorum

292 1111 560 1171 varietate
612 1108 912 1171 inlustrata.
992 1113 1204 1170 Tantas
1251 1111 1397 1170 inter
1443 1133 1579 1192 opes

292 1193 596 1278 conspicuae
618 1195 676 1253 in
701 1196 896 1278 primis
927 1196 1207 1255 immanes
1233 1193 1579 1255 ferculorum
1633 1214 1636 1215 ’

292 1279 517 1351 mole83
559 1279 615 1337 in
649 1300 758 1339 tres
800 1301 1152 1362 quatuorque
1194 1278 1579 1338 tabulatorum

293 1363 523 1424 ordines
550 1365 823 1423 exstruerat
849 1390 860 1423 :
896 1364 1031 1425 inde
1059 1363 1326 1447 patebant
1351 1364 1582 1422 intueri--=

294 1448 441 1508 tium
487 1446 661 1507 oculis
711 1448 854 1507 mira
901 1471 1017 1508 arte
1073 1446 1316 1531 expreffa
1366 1445 1581 1529 singula

294 1534 331 1597 J
336 1532 521 1592 udaiei
545 1530 682 1592 belli
711 1553 911 1593 eventa
927 1581 944 1606 ,
973 1532 1167 1614 proelia
1188 1579 1205 1605 ,
1229 1530 1536 1614 transfugia
1559 1578 1583 1605 ‚

296 1616 650 1699 captivorum
667 1618 896 1698 agmina
911 1665 927 1689 ,
942 1616 1170 1675 urbium
1191 1662 1208 1687 ,
1229 1614 1582 1676 castellorum

293 1701 774 1782 oppugnationeS,
799 1705 1079 1761 teotorum
1106 1700 1354 1773 excidia,
1381 1698 1583 1780 templi

294 1784 560 1845 incendia
580 1833 596 1857 ,
627 1784 861 1843 flumina
887 1833 902 1857 ,
937 1809 1054 1843 non
1083 1784 1142 1842 in
1170 1784 1415 1843 virentes
1434 1832 1451 1856 ,
1484 1782 1584 1842 sed

294 1870 359 1927 in
382 1869 624 1928 torridos
646 1892 872 1952 campos
897 1918 913 1941 ‚
946 1866 1191 1927 immissa
1216 1893 1227 1925 :
1268 1870 1324 1926 in
1355 1866 1583 1950 singulis

298 1973 490 2015 autem
530 1951 753 2013 ferculis
788 1954 1027 2014 ostentui
1066 1974 1223 2012 erant
1256 1952 1583 2014 Judaeorum

299 2038 467 2097 duces
491 2084 507 2108 ‚
550 2036 756 2097 eodem
802 2037 912 2097 loci
953 2034 1307 2118 corporisque
1342 2036 1581 2107 habitu,

297 2144 416 2203 quo
447 2119 669 2181 fuerant
696 2123 840 2202 capti
869 2147 882 2180 ι
915 2123 1129 2204 gestatae
1161 2143 1388 2202 quoque
1413 2142 1585 2180 naves-

299 2205 569 2289 plurimae.
629 2207 751 2264 Post
787 2203 1105 2265 visebantur
1138 2205 1341 2286 templi
1373 2226 1584 2263 monu-

297 2310 496 2349 menta
514 2336 529 2362 ,
553 2312 671 2370 quae
690 2290 836 2348 inter
857 2288 1145 2349 eminebat
1163 2287 1355 2346 mensa
1376 2310 1539 2346 aurea
1559 2334 1581 2361 9

299 2395 533 2433 aureum
574 2371 976 2433 cande‘labrum
999 2421 1015 2446 ‚
1060 2382 1118 2433 &
1154 2372 1421 2432 ultimum
1455 2370 1584 2452 spo-

302 2456 444 2517 lium
477 2505 492 2530 ‚
548 2459 579 2521 J
585 2457 781 2518 udaica
834 2458 939 2518 lex,
1013 2456 1154 2516 Inde
1204 2455 1579 2538 sequebantur

305 2542 479 2625 longo
537 2541 738 2603 ordine
797 2541 1157 2602 vietoriarum
1213 2540 1362 2600 tituli
1389 2565 1401 2598 ε
1448 2560 1586 2599 mox

306 2626 675 2711 triumphales
717 2624 1038 2714 Vespasiani
1080 2626 1317 2713 Titique
1360 2646 1590 2708 curru82
