1720 3184
272 140 1135 207 VESPASIANUS:
1266 151 1348 217 71‘

71 249 134 311 Ec
175 240 534 305 honestiffimi
569 238 895 299 Italicorum
931 262 992 298 ac
1030 237 1343 320 provincia-

75 333 217 394 lium
238 326 456 386 adlecti.
494 327 580 382 Ita
603 323 961 405 ampliffimos
988 324 1211 383 ordines
1240 322 1339 382 sub
1363 318 1412 358 A.
1433 323 1480 361 U·
1501 325 1560 371 C·

77 407 722 499 prioribus-Principibus
757 406 903 466 caede
934 405 1080 466 varia
1115 406 1343 466 exhaus-

76 519 159 564 tos
183 541 199 566 ‚
235 492 477 552 vererive
519 492 928 552 contaminatos
964 489 1344 574 negligentia,

76 577 332 662 purgavit
351 572 732 658 supplevitque
757 622 772 646 ‚
807 594 868 632 ut
890 621 907 645 ‚
932 573 1062 632 cum
1083 575 1348 635 ducentas

78 681 271 746 gentes
324 661 382 718 in
428 656 618 717 senatu
665 656 754 715 vix
801 656 1084 739 reperiffet
1120 704 1136 729 ‚
1191 658 1350 720 mille

76 741 467 826 composuerit.
490 744 555 800 Et
577 764 645 799 ne
661 761 950 823 paupertas
969 741 1175 824 probro
1195 740 1350 816 effet,

75 825 382 888 consulares
418 825 610 907 inopes
638 825 935 906 quingenis
962 825 1213 885 sestertiis
1247 849 1349 885 an-

76 911 199 972 nuis
233 909 565 968 sustentavit.

169 995 550 1054 VEspAsrANO
576 988 825 1074 Augusto
850 991 909 1053 V
926 1038 942 1063 ‚
972 991 1109 1051 Tito
1136 991 1347 1053 Caesare

1408 393 1514 436 826.

1401 467 1439 507 L
1479 468 1535 509 <k

1420 546 1505 594 73«

1372 999 1564 1027 ’ξ’-..Ἴ

76 1080 161 1137 III
192 1074 520 1135 consulibus.
561 1078 789 1134 Peracto
819 1073 1014 1147 censu,
1052 1076 1345 1136 conditum
1373 1057 1424 1098 A.
1442 1061 1491 1098 U·
1512 1060 1561 1101 C.

76 1163 152 1222 est
169 1159 394 1219 lustrum
414 1159 638 1241 imperii
656 1159 995 1241 supremum.
1011 1161 1167 1218 Tum
1188 1162 1348 1219 Prin-

75 1267 202 1327 ceps
231 1243 506 1303 Achaiam
528 1290 543 1313 ‚
585 1244 815 1321 Lyciam
837 1290 852 1315 ‚
894 1243 1166 1302 Rhodum
1191 1293 1207 1316 ,
1244 1248 1348 1324 By-

75 1327 327 1388 zantium
349 1375 364 1399 ‚
399 1329 629 1384 Samum
650 1375 666 1399 ‚
698 1326 1016 1386 Tracheam
1046 1327 1348 1403 Ciliciam,

76 1420 135 1473 &
170 1413 630 1490 Commagenem
675 1410 735 1468 in
778 1411 1190 1490 provinciarum
1229 1411 1349 1471 for-

80 1517 236 1554 mam
268 1495 501 1576 redegit.
547 1491 864 1551 Succensuir
898 1494 1131 1575 quidem
1169 1496 1350 1579 Apol-

79 1576 305 1655 lonius3
356 1587 413 1637 &
460 1576 633 1635 acrius
663 1624 680 1648 ‚
729 1577 902 1657 quam
952 1577 1350 1660 philosophum

81 1661 317 1721 decebat
343 1685 355 1718 z
390 1661 681 1719 Neronem
705 1658 933 1719 laudans
954 1708 968 1731 ‚
1010 1662 1164 1741 qubd
1187 1662 1354 1724 liber-

82 1764 259 1805 tatem
281 1744 482 1802 Graecis
508 1741 742 1803 dedisset
764 1792 779 1814 ,
818 1743 1222 1826 Vespasianum
1250 1749 1350 1830 qui

80 1851 208 1889 eam
239 1826 462 1887 tolleret
493 1873 509 1898 ‚
553 1826 724 1887 literis
754 1828 1076 1911 increpavit.
1123 1829 1203 1888 At
1236 1831 1352 1914 ipse

81 1913 266 1996 postea
302 1911 529 1970 edoctus
564 1934 698 1992 quas
739 1933 892 1969 curas
931 1935 1029 1994 pro
1065 1913 1353 1996 republica

79 1997 225 2056 reite
261 2002 318 2054 δε
346 1992 591 2053 consulte
614 1993 926 2053 ordinanda
950 1996 1207 2079 Princeps
1239 1997 1353 2056 sus-

82 2080 285 2139 cineret
305 2124 321 2149 ,
356 2075 533 2159 posuit
555 2077 657 2136 iras
681 2124 696 2149 ,
735 2087 791 2137 &
814 2078 873 2135 in
896 2077 1129 2161 publicae
1151 2081 1353 2141 laetitiae

83 2183 306 2246 partem
336 2158 634 2241 laudesque
664 2162 836 2220 venit.

171 2247 317 2304 UNA
342 2265 472 2303 tunc
516 2242 730 2303 femina
756 2293 772 2317 ‚
823 2245 1008 2304 Caenis
1052 2244 1287 2307 nomine
1332 2264 1355 2321 ,”

87 2326 301 2388 famam
322 2326 641 2410 Vespasiani
678 2328 1055 2389 inumbrabat.
1089 2330 1352 2389 Antoniae

86 2411 375 2492 quondam
398 2411 597 2472 liberta
622 2460 638 2485 ‚
676 2412 851 2471 fidem
876 2412 953 2472 ita
981 2414 1308 2494 probaverat
1331 2461 1352 2485 ‚

84 2516 148 2554 ut
191 2492 568 2555 secretioribus
607 2496 896 2569 adhibita,
936 2495 1181 2579 jussaque
1211 2519 1350 2556 nun-

1414 1130 1521 1180 827.

1407 1205 1445 1243 L
1476 1207 1528 1247 C.

1424 1285 1505 1331 74·

86 2578 223 2640 tiare
251 2578 483 2640 Tiberio
507 2626 525 2653 ,
566 2602 684 2662 quae
732 2580 988 2642 adversus
1032 2604 1163 2650 eum
1193 2603 1353 2664 para-2
1440 2626 1457 2644 .-
