1672 3174
165 146 827 197 CHRONOLOGICAM
882 132 1121 192 Nom.
1218 152 1326 211 391

57 234 206 284 dovici
239 237 408 305 Magni
434 277 446 298 ,
483 235 717 303 proferam
746 255 755 282 :
795 250 909 284 IMP.
935 248 1175 281 TRAIANO
1206 249 1331 281 Avo.
1352 245 1545 270 am

30 320 35 323 ·
58 316 174 349 GER.
198 320 314 352 DAc.
339 321 382 352 P.
403 322 461 351 M.
488 320 535 351 T.
558 320 601 351 P.
624 305 773 368 capite
794 301 989 363 Trajani
1011 300 1231 348 lauream.
1273 300 1327 346 In
1349 302 1399 345 A.
1421 306 1470 343 U.
1493 306 1544 345 G.

59 367 214 415 aversa
240 386 370 433 parte
398 386 506 417 cos.
528 386 581 417 v.
605 386 647 416 P.
665 386 708 416 P.
737 385 758 417 s
779 385 805 415 P
823 385 906 425 QR
936 382 1139 416 OPTIMO
1159 382 1334 415 anc.
1395 381 1505 430 856.

56 435 173 482 stans
194 434 413 501 Princeps
436 473 448 496 ,
480 436 692 500 porrecffi
711 435 866 482 dextra
890 433 1003 482 duos
1025 450 1193 500 pueros
1214 451 1330 498 pro-
1393 461 1430 500 J·
1463 461 1516 500 C.

59 505 185 567 tegit.
225 501 351 550 Infra
375 518 523 550 ALIM.
551 517 691 549 ITAL.
738 501 836 548 Alii
863 499 962 549 sunt
993 501 1122 549 multi
1151 502 1330 549 nummi
1398 548 1476 570 ww

58 584 112 615 ex
141 584 251 629 aere,
284 587 390 618 cum
411 569 542 617 fimili
560 567 863 633 Inscriptione
882 605 896 628 ,
918 571 967 616 in
989 567 1150 634 quibus
1174 566 1330 617 sedens
1399 564 1410 575 ²
1427 569 1441 578 ἵ
1466 563 1505 580 ““

57 632 276 699 Princeps
309 638 526 684 alimenta
562 634 782 683 distribuit
816 632 998 681 feminae
1038 651 1143 682 cum
1182 636 1334 700 pueris

58 700 265 749 adstanti.
299 702 528 765 Traianus
549 703 625 750 tali
646 701 861 767 tantaque
879 700 1147 749 liberalitate
1169 704 1334 749 merito

57 768 313 831 appellatus
337 771 400 817 est
417 768 658 836 Restitutor
673 767 823 816 Italiae
845 785 864 827 ,·
889 782 937 814 ut
957 769 1006 814 in
1028 766 1120 814 hoc
1138 785 1335 815 nummo

57 849 110 879 ex
152 851 237 882 aere
274 853 450 903 magno
475 875 488 897 ,
523 850 637 882 IMP.
671 851 810 883 cAEs.
840 849 1054 883 NERVAE
1093 850 1335 911 TRAIAno

57 914 184 947 AVG.
218 916 336 950 GER.
364 919 481 952 ΒΑΕ.
511 917 553 948 Ρ.
575 918 632 949 Μ.
656 918 744 950 TR.
769 918 810 949 Ρ.
831 917 939 950 cos.
964 917 1017 949 V.
1039 917 1082 948 Ρ.
1102 916 1145 948 Ρ.
1186 918 1336 965 capite

55 964 277 1017 laureato.
358 969 412 1016 In
463 969 638 1034 postica
682 985 810 1033 parte
834 1002 847 1027 ‚
891 984 913 1017 s
937 984 961 1015 P
985 984 1019 1024 Q
1040 984 1075 1016 R
1128 983 1339 1015 OPTIMO

58 1046 293 1082 PRINCIPI
332 1050 412 1085 sc.
470 1035 689 1100 Princeps
733 1035 911 1082 Italiam
935 1073 946 1093 ,
980 1036 1053 1082 cui
1079 1036 1209 1098 pueri
1242 1034 1338 1081 duo

57 1097 269 1148 adsistunt
303 1139 318 1162 ‚
375 1103 424 1149 in
474 1119 628 1168 genua
681 1102 1066 1167 procumbentem
1122 1098 1339 1150 sublevat.

55 1163 208 1226 Infra,
242 1183 385 1215 REs‘r.
418 1185 556 1217 ITAL.

131 1231 194 1278 At
229 1234 320 1299 qua
353 1250 447 1283 arte
487 1250 553 1283 tot
586 1236 743 1301 egenis
784 1233 1015 1296 Traianus
1049 1229 1345 1294 subvenerit.⁴

53 1297 371 1361 ignoraremus
395 1340 408 1362 ,
444 1304 494 1349 ni
517 1301 692 1350 detesta
725 1300 871 1348 fuiffet
902 1317 1027 1348 anno
1065 1317 1184 1358 1747
1213 1317 1338 1348 aenea

54 1363 204 1412 tabula
240 1365 504 1416 Veleiatum
532 1407 545 1428 ,
596 1365 1006 1434 praestantissimum
1053 1368 1337 1430 antiquitatis

52 1447 406 1481 monumentum
428 1473 440 1494 ‚
473 1434 599 1501 quod
630 1436 868 1500 egregiam
891 1433 978 1480 hac
998 1435 1047 1480 in
1072 1450 1120 1480 re
1138 1431 1336 1491 Traiani

51 1495 318 1547 industriam
370 1499 656 1549 manifestam
708 1500 829 1548 fecit.
899 1499 1088 1564 Nempe
1131 1502 1338 1563 optimus

51 1560 272 1633 Princeps
293 1607 306 1628 ,
346 1571 426 1636 qui·
460 1568 676 1636 inopibus
712 1568 863 1636 pueris
905 1567 1124 1619 alimenta
1165 1565 1221 1615 de
1253 1564 1341 1617 fiio

50 1631 386 1684 inbministrare
408 1637 619 1698 volebat,
647 1634 752 1686 cum
778 1640 824 1685 in
851 1635 1036 1704 fingulis
1056 1633 1196 1684 Italiae
1221 1637 1337 1685 civi-2

51 1700 213 1749 tatibus
249 1703 492 1762 (maxime
524 1702 630 1751 cum
662 1702 758 1770 ipse
788 1701 1024 1768 Hispanus
1058 1702 1165 1751 esset
1185 1741 1197 1761 ‚
1236 1721 1336 1751 non

49 1765 188 1814 Italus
209 1768 229 1829 >
266 1786 404 1834 agros
432 1788 528 1817 non
553 1770 771 1831 haberet,
808 1773 887 1836 qui
914 1771 983 1818 his
1006 1768 1220 1834 impensis
1243 1767 1337 1818 suf-

49 1830 236 1881 ficerent
255 1874 267 1894 ,
305 1834 400 1900 ipse
432 1838 652 1901 pecunias
683 1837 848 1884 incolis
878 1839 1110 1885 civitatum
1137 1835 1335 1898 obtulit,

50 1916 163 1965 quas
185 1903 263 1966 qui
289 1903 578 1966 accipiebant
598 1940 609 1961 ‚
641 1904 890 1968 veffigales
920 1901 1023 1952 suos
1043 1919 1180 1968 agros
1210 1904 1337 1951 obii-

50 1964 252 2029 gabant,
274 1981 322 2013 ut
345 1965 530 2029 singulis
556 1970 687 2014 annis
709 1982 907 2031 acceptae
927 1972 1135 2032 pecuniae
1153 1965 1336 2018 usuram

47 2029 372 2096 persolverent.
402 2018 471 2079 Ex
493 2050 650 2080 annuo
669 2050 724 2081 eo
743 2033 888 2081 reditu
904 2072 917 2093 ‚
938 2035 1155 2082 alimenta
1174 2040 1334 2099 egenis

46 2100 199 2161 pueris
231 2097 695 2148 subministrabantur.
766 2097 947 2149 Verum
986 2099 1093 2148 cum
1130 2103 1333 2165 optimus

47 2162 268 2229 Princeps
288 2166 500 2214 omnibus
517 2165 770 2214 consultum
789 2168 940 2228 vellet,
953 2169 1118 2214 minuit
1137 2166 1334 2218 usuram.

49 2228 269 2297 Cumque
292 2233 345 2279 iis
373 2233 654 2298 temporibus
679 2272 690 2293 ‚
725 2234 1044 2282 constitutione
1080 2233 1294 2284 Romana
1319 2273 1333 2295 ‚

47 2297 257 2363 legitima
294 2297 532 2348 haberetur
566 2299 694 2347 usura
727 2299 967 2349 centesima
988 2339 1001 2361 ‚
1043 2298 1121 2348 seu
1156 2299 1334 2349 duode-

48 2378 220 2412 norum
252 2363 408 2413 affium
429 2404 442 2426 ,
481 2365 607 2433 quod
632 2383 756 2413 nunc
790 2365 1039 2415 diceremus
1069 2365 1205 2432 ἅοιιζε
1218 2385 1334 2428 pour

49 2443 154 2478 cent
181 2467 197 2488 ‚
234 2428 330 2495 ipse
350 2433 560 2498 exigebat
585 2431 761 2481 tantum
788 2430 967 2482 usuram
991 2434 1300 2500 quincuncem
1317 2472 1332 2495 ,

50 2493 124 2542 seu
163 2497 353 2563 quinum
391 2498 546 2547 affium
571 2537 583 2559 ‚
623 2499 751 2566 quod
797 2500 940 2566 vulgo
991 2501 1183 2549 dicimus
1229 2500 1333 2565 cinq

41 2575 157 2625 pour
182 2578 301 2617 cens.
335 2563 525 2630 Quanto
546 2567 700 2615 minor
720 2582 814 2617 erat
834 2568 964 2617 usura
982 2606 997 2633 7
1030 2564 1157 2614 tanto
1183 2568 1333 2634 major

1014 2632 1135 2683 Riv
