1720 3184
371 183 1026 245 TRAJANus;
1229 181 1333 256 183

65 280 331 344 'miranda
352 282 556 364 optimi
573 278 838 361 Principis
857 274 1189 336 humanitas,
1210 277 1244 340 J
1249 302 1340 336 am
1362 304 1557 345 Ξε

72 370 258 426 Roma
282 412 299 437 ,
337 385 398 423 ut
419 363 577 447 supra
607 362 1046 422 memoravimus
1072 407 1088 433 ‚
1125 367 1240 439 ejus
1268 362 1340 420 li-
1362 362 1412 401 A.
1430 364 1479 403 U.
1500 363 1554 403 C·

71 448 424 508 beralitatem
467 449 526 506 in
569 467 768 527 pueros
814 443 1044 504 effusam
1083 442 1338 505 senserat.
1399 436 1521 527 35⁶⁶„

69 530 338 594 Excelfius
363 529 575 612 aliquid
600 553 661 587 ac
689 528 860 611 prope
891 527 1150 587 divinum
1185 528 1340 589 ausus
1397 509 1526 621 J‘ocf',

73 616 163 674 est.
206 615 384 672 Norat
416 613 653 694 imperia
680 634 797 669 non
825 634 999 692 opum
1026 657 1043 683 ‚
1083 635 1198 670 non
1240 613 1346 673 do·-
1419 591 1439 623 1
1480 603 1525 636 ³²

0 702 4 708 ”
71 698 394 758 minationis
423 694 814 779 magnitudine
834 741 850 765 ‚
887 692 985 753 sed
1007 695 1217 753 civium
1240 719 1350 757 nu-=

71 802 230 840 mero
258 790 315 841 &
346 779 549 839 virtute
579 780 686 838 niti
712 803 725 836 :
769 776 994 836 Italiam
1025 775 1132 837 esse
1157 779 1351 860 populi

70 865 317 923 Romani
355 861 548 922 sedem
580 911 597 935 ,
649 861 798 921 orbis
836 881 1111 921 terrarum
1156 861 1350 921 domi-

16 945 19 951 ⁴
69 969 202 1005 nam
242 995 259 1020 ‚
322 951 649 1006 cunctarum
696 944 953 1029 gentium
1003 966 1298 1027 parentem
1325 993 1348 1019 ‚

71 1037 222 1110 cujus
269 1031 562 1090 aeternitati
616 1050 733 1089 erat
781 1026 1189 1089 consulendum
1230 1077 1248 1103 ‚
1304 1029 1349 1088 fi

16 1185 19 1191 ι
69 1134 338 1173 aeternum
383 1113 554 1174 vellet
595 1112 918 1196 imperium.
979 1111 1056 1170 Ea
1093 1111 1350 1173 imbutus

67 1195 334 1269 scientia,
379 1197 536 1278 quod
584 1217 702 1257 erat
739 1198 799 1255 in
835 1193 996 1256 Italia
1039 1218 1349 1279 puerorum

16 1278 19 1355 ζ
70 1279 495 1363 puellarumque
526 1329 543 1354 ‚
595 1303 735 1362 quos
788 1280 979 1361 inopia
1030 1281 1204 1338 morti
1250 1301 1349 1340 aut

68 1364 218 1422 vitiis
241 1365 594 1447 mancipabat
610 1413 627 1437 ,
647 1363 761 1447 ipse
782 1362 1014 1423 alendos
1031 1362 1352 1446 sumptibus

69 1445 175 1506 suis
196 1445 431 1531 suscipit.
452 1451 519 1507 Et
535 1470 606 1507 ne
625 1447 940 1506 institutum
958 1494 976 1520 ,
994 1468 1108 1526 quo
1125 1447 1350 1507 nullum

14 1528 17 1531 ’
69 1527 215 1601 fuit,
266 1554 370 1591 nec
412 1532 517 1592 erit
560 1530 894 1613 praestantius
927 1577 943 1602 ,
1001 1530 1215 1590 incur-id
1253 1552 1352 1592 aut

13 1637 19 1691 ᾖ
70 1613 297 1673 avaritia
340 1616 399 1673 in
439 1616 719 1697 posterum
759 1613 1167 1675 convelleretur
1191 1662 1210 1688 ,
1252 1636 1353 1696 per

71 1696 385 1757 universam
404 1699 628 1758 Italiam
651 1698 792 1757 emit
812 1720 971 1781 agros
994 1745 1012 1770 ,
1052 1721 1193 1781 quos
1220 1721 1354 1759 mo-

73 1780 202 1840 dico
226 1779 421 1842 fenore
439 1830 456 1856 ‚
480 1805 551 1842 ne
570 1805 841 1862 umquam
863 1803 1151 1856 vacarent,
1176 1782 1350 1842 collo-

75 1885 160 1924 cat
179 1912 196 1937 ,
215 1886 277 1924 ut
301 1888 367 1924 ex
384 1867 581 1925 annuis
600 1865 871 1924 reditibus
891 1866 1048 1948 inopi
1067 1867 1317 1949 pueritiae
1329 1885 1355 1940 ,'

72 1970 190 2006 non
220 1948 405 2028 procul
439 1973 469 2006 a
498 1947 672 2030 patria
692 1994 707 2020 ‚
746 1949 903 2028 quod
930 1948 1352 2029 dispendiosum

75 2030 279 2112 pariter
323 2038 381 2089 &
426 2029 690 2090 vitiosum
736 2032 810 2090 est
831 2077 848 2102 ,
893 2029 991 2089 sed
1033 2029 1155 2090 suos
1202 2033 1354 2114 apud

75 2115 306 2174 Penates
329 2160 346 2184 ,
392 2113 660 2173 alimenta
688 2113 749 2171 in
785 2134 1118 2196 perpetuum
1148 2113 1352 2197 suppe-

78 2195 237 2256 ditet.
297 2195 464 2256 Ultra
493 2196 606 2257 fata
627 2245 644 2270 ,
685 2205 743 2257 &
768 2197 827 2255 in
851 2220 1049 2257 omnes
1076 2218 1261 2258 aetates
1291 2221 1353 2261 re

81 2287 139 2339 &
161 2279 418 2363 exemplo
446 2281 728 2342 beneficus
755 2328 772 2353 ‚
814 2281 1086 2342 homines*
1111 2303 1354 2356 naturae,

83 2362 392 2442 reipublicae
413 2367 558 2425 cives
583 2364 804 2425 addidit
826 2413 843 2437 ‚
871 2368 1029 2424 tante
1052 2367 1313 2426 meliores
1332 2413 1352 2440 ‚

82 2446 236 2524 qubd
262 2447 321 2505 in
344 2450 592 2509 Romani
614 2449 862 2507 nominis
892 2472 1084 2509 amore
1112 2459 1168 2510 δε
1190 2450 1351 2509 Prin-

20 2562 25 2566 Γ
85 2527 218 2610 cipis
245 2535 599 2593 veneratione
627 2531 950 2592 crescerent.

172 2613 216 2672 P
230 2633 312 2672 Ro
328 2637 367 2678 V
386 2640 406 2675 1
422 2641 457 2676 N
481 2641 512 2677 c
533 2641 553 2676 1
570 2642 588 2677 1
611 2639 632 2676 s
684 2639 911 2700 quoque
965 2612 1303 2676 subventum
1322 2639 1345 2699 5

4 2117 8 2149 '⁷
4 1966 21 2106 “z-m'ssnm'·
4 1903 21 1975 ''52⁴4,
17 1867 19 1875 ⁴
15 1846 19 1860 ,i

20 2463 21 2468 „
20 2427 21 2431 „
20 2329 21 2413 ῌᾼμᾼ
6 2096 21 2323 ᾲζ--ᾴς-η
