<?xml version="1.0" encoding="UTF-8"?>
<!DOCTYPE html PUBLIC "-//W3C//DTD XHTML 1.0 Transitional//EN"
    "http://www.w3.org/TR/xhtml1/DTD/xhtml1-transitional.dtd">
<html xmlns="http://www.w3.org/1999/xhtml" xml:lang="en" lang="en">
 <head>
  <title>
</title>
<meta http-equiv="Content-Type" content="text/html;charset=utf-8" />
  <meta name='ocr-system' content='tesseract 3.04.00' />
  <meta name='ocr-capabilities' content='ocr_page ocr_carea ocr_par ocr_line ocrx_word'/>
</head>
<body>
  <div class='ocr_page' id='page_1' title='image "./ccorneliitacitio05taci_0225.png"; bbox 0 0 1720 3184; ppageno 0'>
   <div class='ocr_carea' id='block_1_1' title="bbox 0 0 60 3027">
    <p class='ocr_par' dir='ltr' id='par_1_1' title="bbox 0 0 60 3027">
     <span class='ocr_line' id='line_1_1' title="bbox 0 0 58 348; baseline 0 -158"><span class='ocrx_word' id='word_1_1' title='bbox 0 0 58 348; x_wconf 95' lang='lat' dir='ltr'>   </span> 
     </span>
     <span class='ocr_line' id='line_1_2' title="bbox 0 355 21 696; baseline 0 -147"><span class='ocrx_word' id='word_1_2' title='bbox 0 355 21 696; x_wconf 95' lang='lat' dir='ltr'>    </span> 
     </span>
     <span class='ocr_line' id='line_1_3' title="bbox 0 696 24 947; baseline 0.042 -87"><span class='ocrx_word' id='word_1_3' title='bbox 0 696 24 947; x_wconf 95' lang='lat' dir='ltr'>    </span> 
     </span>
     <span class='ocr_line' id='line_1_4' title="bbox 0 947 30 1195; baseline 0 -163"><span class='ocrx_word' id='word_1_4' title='bbox 0 947 30 1195; x_wconf 95' lang='lat' dir='ltr'>   </span> 
     </span>
     <span class='ocr_line' id='line_1_5' title="bbox 0 1195 26 1283; baseline 0 1901"><span class='ocrx_word' id='word_1_5' title='bbox 0 1195 26 1283; x_wconf 95' lang='lat' dir='ltr'> </span> 
     </span>
     <span class='ocr_line' id='line_1_6' title="bbox 0 1283 28 1366; baseline 0 1818"><span class='ocrx_word' id='word_1_6' title='bbox 0 1283 28 1366; x_wconf 95' lang='lat' dir='ltr'> </span> 
     </span>
     <span class='ocr_line' id='line_1_7' title="bbox 0 1366 30 1615; baseline 0 -82"><span class='ocrx_word' id='word_1_7' title='bbox 0 1366 30 1615; x_wconf 95' lang='lat' dir='ltr'>   </span> 
     </span>
     <span class='ocr_line' id='line_1_8' title="bbox 0 1617 60 2034; baseline 0.017 -81"><span class='ocrx_word' id='word_1_8' title='bbox 0 1617 60 2034; x_wconf 95' lang='lat' dir='ltr'>      </span> 
     </span>
     <span class='ocr_line' id='line_1_9' title="bbox 2 2034 35 2202; baseline 0 -84"><span class='ocrx_word' id='word_1_9' title='bbox 2 2034 35 2202; x_wconf 95' lang='lat' dir='ltr'>  </span> 
     </span>
     <span class='ocr_line' id='line_1_10' title="bbox 0 2202 49 3027; baseline 0 -487"><span class='ocrx_word' id='word_1_10' title='bbox 0 2202 49 3027; x_wconf 95' lang='lat' dir='ltr'>    </span> 
     </span>
    </p>
   </div>
   <div class='ocr_carea' id='block_1_2' title="bbox 308 136 1280 213">
    <p class='ocr_par' dir='ltr' id='par_1_2' title="bbox 308 136 1280 213">
     <span class='ocr_line' id='line_1_11' title="bbox 308 136 1280 213; baseline -0.006 -17"><span class='ocrx_word' id='word_1_11' title='bbox 308 136 992 196; x_wconf 63' lang='lat' dir='ltr'>Tuas-Anus.</span> <span class='ocrx_word' id='word_1_12' title='bbox 1170 153 1280 213; x_wconf 78' lang='lat'>2¹5</span> 
     </span>
    </p>
   </div>
   <div class='ocr_carea' id='block_1_3' title="bbox 0 398 1323 2668">
    <p class='ocr_par' dir='ltr' id='par_1_3' title="bbox 0 398 1323 2668">
     <span class='ocr_line' id='line_1_12' title="bbox 25 398 1298 489; baseline -0.005 -24"><span class='ocrx_word' id='word_1_13' title='bbox 25 406 192 489; x_wconf 68' lang='lat' dir='ltr'>quam</span> <span class='ocrx_word' id='word_1_14' title='bbox 224 404 407 462; x_wconf 89' lang='lat' dir='ltr'>decies</span> <span class='ocrx_word' id='word_1_15' title='bbox 436 422 673 461; x_wconf 89' lang='lat' dir='ltr'>centena</span> <span class='ocrx_word' id='word_1_16' title='bbox 705 400 885 460; x_wconf 82' lang='lat' dir='ltr'>millia</span> <span class='ocrx_word' id='word_1_17' title='bbox 911 398 1163 484; x_wconf 79' lang='lat' dir='ltr'>passuum</span> <span class='ocrx_word' id='word_1_18' title='bbox 1188 402 1298 460; x_wconf 78' lang='lat' dir='ltr'>cir-</span> 
     </span>
     <span class='ocr_line' id='line_1_13' title="bbox 16 484 1300 551; baseline -0.005 0"><span class='ocrx_word' id='word_1_19' title='bbox 16 490 190 551; x_wconf 69' lang='lat' dir='ltr'>cuitu,</span> <span class='ocrx_word' id='word_1_20' title='bbox 243 485 405 545; x_wconf 85' lang='lat' dir='ltr'>Nihil</span> <span class='ocrx_word' id='word_1_21' title='bbox 439 484 627 546; x_wconf 73' lang='lat' dir='ltr'>omisit</span> <span class='ocrx_word' id='word_1_22' title='bbox 670 506 728 544; x_wconf 83' lang='lat' dir='ltr'>ut</span> <span class='ocrx_word' id='word_1_23' title='bbox 765 506 988 544; x_wconf 87' lang='lat' dir='ltr'>tanturn</span> <span class='ocrx_word' id='word_1_24' title='bbox 1026 506 1300 546; x_wconf 87' lang='lat' dir='ltr'>terrarum</span> 
     </span>
     <span class='ocr_line' id='line_1_14' title="bbox 27 567 1301 653; baseline -0.005 -18"><span class='ocrx_word' id='word_1_25' title='bbox 27 594 142 635; x_wconf 82' lang='lat' dir='ltr'>non</span> <span class='ocrx_word' id='word_1_26' title='bbox 163 570 340 629; x_wconf 72' lang='lat' dir='ltr'>modb</span> <span class='ocrx_word' id='word_1_27' title='bbox 359 569 694 628; x_wconf 78' lang='lat' dir='ltr'>retineretur</span> <span class='ocrx_word' id='word_1_28' title='bbox 712 617 728 640; x_wconf 83' lang='lat'>‚</span> <span class='ocrx_word' id='word_1_29' title='bbox 760 567 855 628; x_wconf 89' lang='lat' dir='ltr'>sed</span> <span class='ocrx_word' id='word_1_30' title='bbox 878 592 978 652; x_wconf 84' lang='lat' dir='ltr'>pro</span> <span class='ocrx_word' id='word_1_31' title='bbox 1000 569 1149 628; x_wconf 87' lang='lat' dir='ltr'>virili</span> <span class='ocrx_word' id='word_1_32' title='bbox 1173 593 1301 653; x_wconf 88' lang='lat' dir='ltr'>por-</span> 
     </span>
     <span class='ocr_line' id='line_1_15' title="bbox 18 652 1306 736; baseline -0.004 -18"><span class='ocrx_word' id='word_1_33' title='bbox 18 658 178 719; x_wconf 53' lang='lat' dir='ltr'>mione</span> <span class='ocrx_word' id='word_1_34' title='bbox 222 654 295 714; x_wconf 85' lang='lat' dir='ltr'>ad</span> <span class='ocrx_word' id='word_1_35' title='bbox 334 652 580 736; x_wconf 85' lang='lat' dir='ltr'>publicas</span> <span class='ocrx_word' id='word_1_36' title='bbox 624 652 892 712; x_wconf 78' lang='lat' dir='ltr'>utilitates</span> <span class='ocrx_word' id='word_1_37' title='bbox 939 673 1126 711; x_wconf 86' lang='lat' dir='ltr'>totum</span> <span class='ocrx_word' id='word_1_38' title='bbox 1169 677 1306 713; x_wconf 89' lang='lat' dir='ltr'>con-</span> 
     </span>
     <span class='ocr_line' id='line_1_16' title="bbox 24 734 1310 819; baseline -0.004 -16"><span class='ocrx_word' id='word_1_39' title='bbox 24 759 284 803; x_wconf 66' lang='lat' dir='ltr'>verteret.</span> <span class='ocrx_word' id='word_1_40' title='bbox 335 737 524 796; x_wconf 88' lang='lat' dir='ltr'>Prima</span> <span class='ocrx_word' id='word_1_41' title='bbox 557 758 686 795; x_wconf 86' lang='lat' dir='ltr'>cura</span> <span class='ocrx_word' id='word_1_42' title='bbox 722 734 830 795; x_wconf 89' lang='lat' dir='ltr'>fuit</span> <span class='ocrx_word' id='word_1_43' title='bbox 865 736 977 796; x_wconf 89' lang='lat' dir='ltr'>vias</span> <span class='ocrx_word' id='word_1_44' title='bbox 1012 739 1224 819; x_wconf 82' lang='lat' dir='ltr'>aperire</span> <span class='ocrx_word' id='word_1_45' title='bbox 1250 747 1310 798; x_wconf 61' lang='grc' dir='ltr'>ὃς</span> 
     </span>
     <span class='ocr_line' id='line_1_17' title="bbox 68 818 1310 904; baseline -0.003 -19"><span class='ocrx_word' id='word_1_46' title='bbox 68 844 351 894; x_wconf 86' lang='lat' dir='ltr'>ernere‚ut</span> <span class='ocrx_word' id='word_1_47' title='bbox 374 819 623 904; x_wconf 81' lang='lat' dir='ltr'>expediri</span> <span class='ocrx_word' id='word_1_48' title='bbox 647 818 835 880; x_wconf 85' lang='lat' dir='ltr'>forent</span> <span class='ocrx_word' id='word_1_49' title='bbox 857 820 1127 880; x_wconf 84' lang='lat' dir='ltr'>militares</span> <span class='ocrx_word' id='word_1_50' title='bbox 1152 845 1310 881; x_wconf 88' lang='lat' dir='ltr'>com-</span> 
     </span>
     <span class='ocr_line' id='line_1_18' title="bbox 23 903 1309 989; baseline -0.001 -21"><span class='ocrx_word' id='word_1_51' title='bbox 23 928 246 969; x_wconf 72' lang='lat' dir='ltr'>«meatus</span> <span class='ocrx_word' id='word_1_52' title='bbox 280 954 296 979; x_wconf 86' lang='lat'>‚</span> <span class='ocrx_word' id='word_1_53' title='bbox 353 903 820 986; x_wconf 81' lang='lat' dir='ltr'>commerciisque</span> <span class='ocrx_word' id='word_1_54' title='bbox 868 925 1084 988; x_wconf 85' lang='lat' dir='ltr'>pateret</span> <span class='ocrx_word' id='word_1_55' title='bbox 1131 906 1309 989; x_wconf 85' lang='lat' dir='ltr'>regiO.</span> 
     </span>
     <span class='ocr_line' id='line_1_19' title="bbox 34 988 1306 1076; baseline -0.004 -22"><span class='ocrx_word' id='word_1_56' title='bbox 34 990 288 1076; x_wconf 77' lang='lat' dir='ltr'>Oppida,</span> <span class='ocrx_word' id='word_1_57' title='bbox 316 990 499 1062; x_wconf 82' lang='lat' dir='ltr'>castra,</span> <span class='ocrx_word' id='word_1_58' title='bbox 525 990 653 1048; x_wconf 83' lang='lat' dir='ltr'>strui</span> <span class='ocrx_word' id='word_1_59' title='bbox 676 988 808 1071; x_wconf 82' lang='lat' dir='ltr'>juffa</span> <span class='ocrx_word' id='word_1_60' title='bbox 826 1014 838 1047; x_wconf 74' lang='grc' dir='ltr'>ε</span> <span class='ocrx_word' id='word_1_61' title='bbox 859 989 934 1048; x_wconf 92' lang='lat' dir='ltr'>ob</span> <span class='ocrx_word' id='word_1_62' title='bbox 962 989 1147 1072; x_wconf 83' lang='lat' dir='ltr'>pontis</span> <span class='ocrx_word' id='word_1_63' title='bbox 1172 991 1306 1049; x_wconf 84' lang='lat' dir='ltr'>vici-</span> 
     </span>
     <span class='ocr_line' id='line_1_20' title="bbox 33 1072 1311 1154; baseline -0.002 -19"><span class='ocrx_word' id='word_1_64' title='bbox 33 1076 268 1136; x_wconf 83' lang='lat' dir='ltr'>nitatem</span> <span class='ocrx_word' id='word_1_65' title='bbox 289 1121 305 1146; x_wconf 91' lang='lat'>,</span> <span class='ocrx_word' id='word_1_66' title='bbox 339 1073 531 1133; x_wconf 86' lang='lat' dir='ltr'>addita</span> <span class='ocrx_word' id='word_1_67' title='bbox 554 1072 909 1133; x_wconf 88' lang='lat' dir='ltr'>Sernenfium</span> <span class='ocrx_word' id='word_1_68' title='bbox 933 1073 1154 1133; x_wconf 89' lang='lat' dir='ltr'>colonia</span> <span class='ocrx_word' id='word_1_69' title='bbox 1177 1075 1311 1154; x_wconf 88' lang='lat' dir='ltr'>juris</span> 
     </span>
     <span class='ocr_line' id='line_1_21' title="bbox 40 1157 1311 1241; baseline -0.001 -22"><span class='ocrx_word' id='word_1_70' title='bbox 40 1159 238 1219; x_wconf 73' lang='lat' dir='ltr'>italici:</span> <span class='ocrx_word' id='word_1_71' title='bbox 271 1159 515 1217; x_wconf 86' lang='lat' dir='ltr'>restituta</span> <span class='ocrx_word' id='word_1_72' title='bbox 537 1181 763 1238; x_wconf 86' lang='lat' dir='ltr'>quoque</span> <span class='ocrx_word' id='word_1_73' title='bbox 787 1157 1267 1241; x_wconf 81' lang='lat' dir='ltr'>Sarmizegethusa</span> <span class='ocrx_word' id='word_1_74' title='bbox 1291 1182 1311 1237; x_wconf 79' lang='lat'>3</span> 
     </span>
     <span class='ocr_line' id='line_1_22' title="bbox 39 1242 1313 1325; baseline 0 -24"><span class='ocrx_word' id='word_1_75' title='bbox 39 1244 222 1325; x_wconf 66' lang='lat' dir='ltr'>ibique</span> <span class='ocrx_word' id='word_1_76' title='bbox 261 1242 490 1300; x_wconf 89' lang='lat' dir='ltr'>condita</span> <span class='ocrx_word' id='word_1_77' title='bbox 522 1264 620 1324; x_wconf 89' lang='lat' dir='ltr'>per</span> <span class='ocrx_word' id='word_1_78' title='bbox 648 1244 737 1301; x_wconf 87' lang='lat' dir='ltr'>M.</span> <span class='ocrx_word' id='word_1_79' title='bbox 768 1243 1129 1301; x_wconf 72' lang='lat' dir='ltr'>Scantianum</span> <span class='ocrx_word' id='word_1_80' title='bbox 1160 1242 1313 1301; x_wconf 87' lang='lat' dir='ltr'>colo-</span> 
     </span>
     <span class='ocr_line' id='line_1_23' title="bbox 36 1326 1313 1409; baseline 0 -23"><span class='ocrx_word' id='word_1_81' title='bbox 36 1328 124 1386; x_wconf 79' lang='lat' dir='ltr'>nia</span> <span class='ocrx_word' id='word_1_82' title='bbox 146 1374 163 1400; x_wconf 82' lang='lat'>‚</span> <span class='ocrx_word' id='word_1_83' title='bbox 197 1349 316 1407; x_wconf 80' lang='lat' dir='ltr'>quae</span> <span class='ocrx_word' id='word_1_84' title='bbox 357 1326 576 1385; x_wconf 61' lang='lat' dir='ltr'>victoris</span> <span class='ocrx_word' id='word_1_85' title='bbox 612 1326 845 1386; x_wconf 89' lang='lat' dir='ltr'>nomine</span> <span class='ocrx_word' id='word_1_86' title='bbox 869 1326 1041 1409; x_wconf 82' lang='lat' dir='ltr'>Ulpia</span> <span class='ocrx_word' id='word_1_87' title='bbox 1064 1329 1313 1407; x_wconf 86' lang='lat' dir='ltr'>Trajana</span> 
     </span>
     <span class='ocr_line' id='line_1_24' title="bbox 40 1410 1314 1492; baseline -0.001 -22"><span class='ocrx_word' id='word_1_88' title='bbox 40 1430 350 1492; x_wconf 84' lang='lat' dir='ltr'>nuncupata</span> <span class='ocrx_word' id='word_1_89' title='bbox 383 1411 474 1469; x_wconf 89' lang='lat' dir='ltr'>est.</span> <span class='ocrx_word' id='word_1_90' title='bbox 529 1411 618 1469; x_wconf 90' lang='lat' dir='ltr'>Ne</span> <span class='ocrx_word' id='word_1_91' title='bbox 642 1410 782 1491; x_wconf 85' lang='lat' dir='ltr'>quid</span> <span class='ocrx_word' id='word_1_92' title='bbox 806 1431 995 1469; x_wconf 86' lang='lat' dir='ltr'>autern</span> <span class='ocrx_word' id='word_1_93' title='bbox 1021 1411 1314 1469; x_wconf 87' lang='lat' dir='ltr'>turbarum</span> 
     </span>
     <span class='ocr_line' id='line_1_25' title="bbox 38 1494 1311 1575; baseline -0.001 -21"><span class='ocrx_word' id='word_1_94' title='bbox 38 1517 308 1575; x_wconf 82' lang='lat' dir='ltr'>umquam</span> <span class='ocrx_word' id='word_1_95' title='bbox 335 1494 571 1552; x_wconf 90' lang='lat' dir='ltr'>oriretur</span> <span class='ocrx_word' id='word_1_96' title='bbox 592 1541 608 1565; x_wconf 85' lang='grc'>,</span> <span class='ocrx_word' id='word_1_97' title='bbox 637 1516 702 1553; x_wconf 80' lang='lat' dir='ltr'>ex</span> <span class='ocrx_word' id='word_1_98' title='bbox 731 1514 852 1552; x_wconf 85' lang='lat' dir='ltr'>toto</span> <span class='ocrx_word' id='word_1_99' title='bbox 877 1494 1013 1553; x_wconf 90' lang='lat' dir='ltr'>orbe</span> <span class='ocrx_word' id='word_1_100' title='bbox 1043 1497 1311 1554; x_wconf 82' lang='lat' dir='ltr'>Romano</span> 
     </span>
     <span class='ocr_line' id='line_1_26' title="bbox 32 1577 1313 1659; baseline -0.001 -20"><span class='ocrx_word' id='word_1_101' title='bbox 32 1577 265 1639; x_wconf 71' lang='lat' dir='ltr'>earceffiti</span> <span class='ocrx_word' id='word_1_102' title='bbox 295 1624 311 1648; x_wconf 86' lang='lat'>,</span> <span class='ocrx_word' id='word_1_103' title='bbox 352 1578 451 1659; x_wconf 88' lang='lat' dir='ltr'>qui</span> <span class='ocrx_word' id='word_1_104' title='bbox 470 1578 714 1636; x_wconf 84' lang='lat' dir='ltr'>Daciam</span> <span class='ocrx_word' id='word_1_105' title='bbox 738 1577 1083 1651; x_wconf 83' lang='lat' dir='ltr'>incolerent,</span> <span class='ocrx_word' id='word_1_106' title='bbox 1125 1601 1313 1638; x_wconf 88' lang='lat' dir='ltr'>mores</span> 
     </span>
     <span class='ocr_line' id='line_1_27' title="bbox 30 1659 1314 1743; baseline 0 -21"><span class='ocrx_word' id='word_1_107' title='bbox 30 1660 282 1742; x_wconf 69' lang='lat' dir='ltr'>ritusque</span> <span class='ocrx_word' id='word_1_108' title='bbox 311 1661 536 1743; x_wconf 78' lang='lat' dir='ltr'>imperii</span> <span class='ocrx_word' id='word_1_109' title='bbox 566 1659 1037 1721; x_wconf 83' lang='lat' dir='ltr'>transfunderent.</span> <span class='ocrx_word' id='word_1_110' title='bbox 1074 1663 1314 1723; x_wconf 80' lang='lat' dir='ltr'>Veteres</span> 
     </span>
     <span class='ocr_line' id='line_1_28' title="bbox 43 1744 1315 1818; baseline 0.001 -14"><span class='ocrx_word' id='word_1_111' title='bbox 43 1745 267 1817; x_wconf 81' lang='lat' dir='ltr'>coloni,</span> <span class='ocrx_word' id='word_1_112' title='bbox 306 1745 464 1804; x_wconf 88' lang='lat' dir='ltr'>virile</span> <span class='ocrx_word' id='word_1_113' title='bbox 512 1769 574 1803; x_wconf 91' lang='lat' dir='ltr'>ac</span> <span class='ocrx_word' id='word_1_114' title='bbox 620 1745 897 1805; x_wconf 81' lang='lat' dir='ltr'>muliebre</span> <span class='ocrx_word' id='word_1_115' title='bbox 944 1744 1135 1818; x_wconf 65' lang='lat' dir='ltr'>seem,</span> <span class='ocrx_word' id='word_1_116' title='bbox 1179 1771 1315 1813; x_wconf 89' lang='lat' dir='ltr'>cum</span> 
     </span>
     <span class='ocr_line' id='line_1_29' title="bbox 62 1828 1316 1912; baseline 0 -22"><span class='ocrx_word' id='word_1_117' title='bbox 62 1828 257 1901; x_wconf 83' lang='lat' dir='ltr'>iberis,</span> <span class='ocrx_word' id='word_1_118' title='bbox 286 1829 552 1888; x_wconf 87' lang='lat' dir='ltr'>armentis</span> <span class='ocrx_word' id='word_1_119' title='bbox 579 1876 594 1900; x_wconf 85' lang='lat'>‚</span> <span class='ocrx_word' id='word_1_120' title='bbox 633 1830 938 1910; x_wconf 85' lang='lat' dir='ltr'>pecudibus</span> <span class='ocrx_word' id='word_1_121' title='bbox 957 1879 972 1902; x_wconf 88' lang='lat'>‚</span> <span class='ocrx_word' id='word_1_122' title='bbox 1004 1831 1064 1888; x_wconf 91' lang='lat' dir='ltr'>in</span> <span class='ocrx_word' id='word_1_123' title='bbox 1089 1831 1316 1912; x_wconf 80' lang='lat' dir='ltr'>imperii</span> 
     </span>
     <span class='ocr_line' id='line_1_30' title="bbox 45 1911 1319 1996; baseline 0.002 -24"><span class='ocrx_word' id='word_1_124' title='bbox 45 1912 468 1972; x_wconf 75' lang='lat' dir='ltr'>&#39;teriora&#39;sunt</span> <span class='ocrx_word' id='word_1_125' title='bbox 514 1915 770 1995; x_wconf 82' lang='lat' dir='ltr'>recepti,</span> <span class='ocrx_word' id='word_1_126' title='bbox 825 1934 887 1972; x_wconf 92' lang='lat' dir='ltr'>ut</span> <span class='ocrx_word' id='word_1_127' title='bbox 927 1911 1045 1972; x_wconf 87' lang='lat' dir='ltr'>fera</span> <span class='ocrx_word' id='word_1_128' title='bbox 1089 1916 1319 1996; x_wconf 80' lang='lat' dir='ltr'>ingenia</span> 
     </span>
     <span class='ocr_line' id='line_1_31' title="bbox 36 1994 1318 2077; baseline 0.002 -21"><span class='ocrx_word' id='word_1_129' title='bbox 36 1994 399 2056; x_wconf 51' lang='lat' dir='ltr'>¹mitescerent</span> <span class='ocrx_word' id='word_1_130' title='bbox 418 2041 436 2066; x_wconf 78' lang='lat'>,</span> <span class='ocrx_word' id='word_1_131' title='bbox 477 2003 534 2054; x_wconf 83' lang='lat'>&amp;</span> <span class='ocrx_word' id='word_1_132' title='bbox 566 1996 757 2077; x_wconf 84' lang='lat' dir='ltr'>procul</span> <span class='ocrx_word' id='word_1_133' title='bbox 790 2019 818 2053; x_wconf 88' lang='lat' dir='ltr'>a</span> <span class='ocrx_word' id='word_1_134' title='bbox 849 1997 1023 2076; x_wconf 64' lang='lat' dir='ltr'>patria</span> <span class='ocrx_word' id='word_1_135' title='bbox 1043 2000 1318 2058; x_wconf 87' lang='lat' dir='ltr'>Romanis</span> 
     </span>
     <span class='ocr_line' id='line_1_32' title="bbox 0 2076 1234 2160; baseline 0 -20"><span class='ocrx_word' id='word_1_136' title='bbox 0 2090 2 2096; x_wconf 82' lang='grc'>’</span> <span class='ocrx_word' id='word_1_137' title='bbox 36 2078 196 2140; x_wconf 58' lang='lat' dir='ltr'>&gt;sacris</span> <span class='ocrx_word' id='word_1_138' title='bbox 233 2077 559 2160; x_wconf 83' lang='lat' dir='ltr'>legibusque</span> <span class='ocrx_word' id='word_1_139' title='bbox 596 2076 811 2137; x_wconf 74' lang='lat' dir='ltr'>facilius</span> <span class='ocrx_word' id='word_1_140' title='bbox 852 2077 1234 2140; x_wconf 78' lang='lat' dir='ltr'>affuescerenr.</span> 
     </span>
     <span class='ocr_line' id='line_1_33' title="bbox 0 2161 1321 2245; baseline 0.002 -23"><span class='ocrx_word' id='word_1_141' title='bbox 0 2165 1 2169; x_wconf 65' lang='grc'>’</span> <span class='ocrx_word' id='word_1_142' title='bbox 125 2164 276 2222; x_wconf 80' lang='lat' dir='ltr'>CUM</span> <span class='ocrx_word' id='word_1_143' title='bbox 300 2164 574 2243; x_wconf 86' lang='lat' dir='ltr'>Trajanus</span> <span class='ocrx_word' id='word_1_144' title='bbox 604 2186 668 2222; x_wconf 88' lang='lat' dir='ltr'>ea</span> <span class='ocrx_word' id='word_1_145' title='bbox 692 2161 1015 2245; x_wconf 80' lang='lat' dir='ltr'>providiffet</span> <span class='ocrx_word' id='word_1_146' title='bbox 1043 2212 1059 2237; x_wconf 85' lang='lat'>‚</span> <span class='ocrx_word' id='word_1_147' title='bbox 1093 2165 1321 2224; x_wconf 85' lang='lat' dir='ltr'>Urbem</span> 
     </span>
     <span class='ocr_line' id='line_1_34' title="bbox 0 2245 1318 2328; baseline 0.005 -28"><span class='ocrx_word' id='word_1_148' title='bbox 0 2291 4 2300; x_wconf 90' lang='lat'><em>.</em></span> <span class='ocrx_word' id='word_1_149' title='bbox 38 2246 283 2328; x_wconf 44' lang='lat' dir='ltr'>repetiit.</span> <span class='ocrx_word' id='word_1_150' title='bbox 324 2245 475 2306; x_wconf 71' lang='lat' dir='ltr'>Ante</span> <span class='ocrx_word' id='word_1_151' title='bbox 510 2245 788 2328; x_wconf 55' lang='lat' dir='ltr'>profectus</span> <span class='ocrx_word' id='word_1_152' title='bbox 823 2268 938 2306; x_wconf 89' lang='lat' dir='ltr'>erat</span> <span class='ocrx_word' id='word_1_153' title='bbox 961 2248 1277 2308; x_wconf 80' lang='lat' dir='ltr'>Hadrianus</span> <span class='ocrx_word' id='word_1_154' title='bbox 1299 2296 1318 2322; x_wconf 86' lang='lat'>,</span> 
     </span>
     <span class='ocr_line' id='line_1_35' title="bbox 40 2331 1323 2413; baseline 0.001 -24"><span class='ocrx_word' id='word_1_155' title='bbox 40 2339 110 2389; x_wconf 55' lang='lat' dir='ltr'>rut</span> <span class='ocrx_word' id='word_1_156' title='bbox 149 2351 440 2413; x_wconf 66' lang='lat' dir='ltr'>praeturam</span> <span class='ocrx_word' id='word_1_157' title='bbox 477 2331 686 2411; x_wconf 78' lang='lat' dir='ltr'>iniret3</span> <span class='ocrx_word' id='word_1_158' title='bbox 731 2331 896 2412; x_wconf 90' lang='lat' dir='ltr'>eique</span> <span class='ocrx_word' id='word_1_159' title='bbox 938 2331 1136 2392; x_wconf 86' lang='lat' dir='ltr'>datum</span> <span class='ocrx_word' id='word_1_160' title='bbox 1182 2356 1323 2413; x_wconf 91' lang='lat' dir='ltr'>qua-</span> 
     </span>
     <span class='ocr_line' id='line_1_36' title="bbox 49 2411 1319 2497; baseline 0.003 -26"><span class='ocrx_word' id='word_1_161' title='bbox 49 2411 263 2497; x_wconf 79' lang='lat' dir='ltr'>dragies</span> <span class='ocrx_word' id='word_1_162' title='bbox 303 2412 609 2475; x_wconf 88' lang='lat' dir='ltr'>sestertium</span> <span class='ocrx_word' id='word_1_163' title='bbox 647 2463 664 2487; x_wconf 89' lang='lat'>‚</span> <span class='ocrx_word' id='word_1_164' title='bbox 732 2438 846 2496; x_wconf 88' lang='lat' dir='ltr'>quo</span> <span class='ocrx_word' id='word_1_165' title='bbox 900 2414 1062 2475; x_wconf 88' lang='lat' dir='ltr'>ludos</span> <span class='ocrx_word' id='word_1_166' title='bbox 1108 2416 1319 2476; x_wconf 85' lang='lat' dir='ltr'>ederet.</span> 
     </span>
     <span class='ocr_line' id='line_1_37' title="bbox 52 2496 1321 2581; baseline 0.002 -27"><span class='ocrx_word' id='word_1_167' title='bbox 52 2497 239 2578; x_wconf 77' lang='lat' dir='ltr'>Longe</span> <span class='ocrx_word' id='word_1_168' title='bbox 262 2496 605 2581; x_wconf 86' lang='lat' dir='ltr'>splendidior</span> <span class='ocrx_word' id='word_1_169' title='bbox 626 2497 732 2558; x_wconf 90' lang='lat' dir='ltr'>fuit</span> <span class='ocrx_word' id='word_1_170' title='bbox 745 2499 918 2559; x_wconf 88' lang='lat' dir='ltr'>Urbis</span> <span class='ocrx_word' id='word_1_171' title='bbox 939 2499 1107 2560; x_wconf 85' lang='lat' dir='ltr'>facies</span> <span class='ocrx_word' id='word_1_172' title='bbox 1128 2500 1202 2558; x_wconf 92' lang='lat' dir='ltr'>ob</span> <span class='ocrx_word' id='word_1_173' title='bbox 1226 2499 1321 2557; x_wconf 85' lang='lat' dir='ltr'>ad-</span> 
     </span>
     <span class='ocr_line' id='line_1_38' title="bbox 2 2580 1321 2668; baseline 0.001 -27"><span class='ocrx_word' id='word_1_174' title='bbox 2 2624 6 2632; x_wconf 79' lang='lat'>·</span> <span class='ocrx_word' id='word_1_175' title='bbox 53 2600 282 2653; x_wconf 57' lang='lat' dir='ltr'>ventum</span> <span class='ocrx_word' id='word_1_176' title='bbox 304 2582 554 2668; x_wconf 82' lang='lat' dir='ltr'>Augusti.</span> <span class='ocrx_word' id='word_1_177' title='bbox 594 2586 662 2643; x_wconf 81' lang='lat' dir='ltr'>ln</span> <span class='ocrx_word' id='word_1_178' title='bbox 689 2589 805 2663; x_wconf 86' lang='lat' dir='ltr'>ejus</span> <span class='ocrx_word' id='word_1_179' title='bbox 829 2582 1120 2646; x_wconf 87' lang='lat' dir='ltr'>occursum</span> <span class='ocrx_word' id='word_1_180' title='bbox 1151 2580 1321 2644; x_wconf 80' lang='lat' dir='ltr'>effusa</span> 
     </span>
    </p>
   </div>
   <div class='ocr_carea' id='block_1_4' title="bbox 1315 302 1506 310">
    <p class='ocr_par' dir='ltr' id='par_1_4' title="bbox 1315 302 1506 310">
     <span class='ocr_line' id='line_1_39' title="bbox 1315 302 1506 310; baseline 0 2874"><span class='ocrx_word' id='word_1_181' title='bbox 1315 302 1506 310; x_wconf 95' lang='lat' dir='ltr'> </span> 
     </span>
    </p>
   </div>
   <div class='ocr_carea' id='block_1_5' title="bbox 59 231 1509 314">
    <p class='ocr_par' dir='ltr' id='par_1_5' title="bbox 59 231 1509 314">
     <span class='ocr_line' id='line_1_40' title="bbox 59 231 1509 314; baseline -0.006 -15"><span class='ocrx_word' id='word_1_182' title='bbox 59 236 174 300; x_wconf 84' lang='lat' dir='ltr'>uod</span> <span class='ocrx_word' id='word_1_183' title='bbox 210 237 282 297; x_wconf 89' lang='lat' dir='ltr'>ad</span> <span class='ocrx_word' id='word_1_184' title='bbox 307 238 520 314; x_wconf 84' lang='lat' dir='ltr'>Tyram</span> <span class='ocrx_word' id='word_1_185' title='bbox 551 231 723 314; x_wconf 86' lang='lat' dir='ltr'>usque</span> <span class='ocrx_word' id='word_1_186' title='bbox 759 231 993 292; x_wconf 87' lang='lat' dir='ltr'>fluvium</span> <span class='ocrx_word' id='word_1_187' title='bbox 1022 253 1295 314; x_wconf 79' lang='lat' dir='ltr'>propaga-</span> <span class='ocrx_word' id='word_1_188' title='bbox 1314 272 1509 299; x_wconf 48' lang='grc' dir='ltr'>εἷς</span> 
     </span>
    </p>
   </div>
   <div class='ocr_carea' id='block_1_6' title="bbox 28 316 1508 444">
    <p class='ocr_par' dir='ltr' id='par_1_6' title="bbox 28 316 1508 444">
     <span class='ocr_line' id='line_1_41' title="bbox 28 316 1508 439; baseline -0.005 -55"><span class='ocrx_word' id='word_1_189' title='bbox 28 346 143 385; x_wconf 87' lang='lat' dir='ltr'>tum</span> <span class='ocrx_word' id='word_1_190' title='bbox 167 325 258 381; x_wconf 90' lang='lat' dir='ltr'>est.</span> <span class='ocrx_word' id='word_1_191' title='bbox 298 322 571 399; x_wconf 86' lang='lat' dir='ltr'>Trajanus</span> <span class='ocrx_word' id='word_1_192' title='bbox 591 317 835 377; x_wconf 70' lang='lat' dir='ltr'>viCtoriis</span> <span class='ocrx_word' id='word_1_193' title='bbox 857 316 1151 376; x_wconf 86' lang='lat' dir='ltr'>addiderat</span> <span class='ocrx_word' id='word_1_194' title='bbox 1170 316 1294 398; x_wconf 86' lang='lat' dir='ltr'>plus</span> <span class='ocrx_word' id='word_1_195' title='bbox 1315 327 1434 439; x_wconf 56' lang='grc' dir='ltr'>Αὲϋ·</span> <span class='ocrx_word' id='word_1_196' title='bbox 1455 329 1508 370; x_wconf 88' lang='lat' dir='ltr'>C·</span> 
     </span>
     <span class='ocr_line' id='line_1_42' title="bbox 1390 400 1469 444; baseline 0.013 -6"><span class='ocrx_word' id='word_1_197' title='bbox 1390 400 1469 444; x_wconf 86' lang='lat'>60.</span> 
     </span>
    </p>
   </div>
   <div class='ocr_carea' id='block_1_7' title="bbox 1362 474 1473 517">
    <p class='ocr_par' dir='ltr' id='par_1_7' title="bbox 1362 474 1473 517">
     <span class='ocr_line' id='line_1_43' title="bbox 1362 474 1473 517; baseline 0.027 -3"><span class='ocrx_word' id='word_1_198' title='bbox 1362 474 1398 514; x_wconf 82' lang='lat' dir='ltr'>J.</span> <span class='ocrx_word' id='word_1_199' title='bbox 1419 477 1473 517; x_wconf 89' lang='lat' dir='ltr'>C.</span> 
     </span>
    </p>
   </div>
   <div class='ocr_carea' id='block_1_8' title="bbox 1369 549 1472 594">
    <p class='ocr_par' dir='ltr' id='par_1_8' title="bbox 1369 549 1472 594">
     <span class='ocr_line' id='line_1_44' title="bbox 1369 549 1472 594; baseline 0.019 -10"><span class='ocrx_word' id='word_1_200' title='bbox 1369 549 1472 594; x_wconf 79' lang='lat'>107.</span> 
     </span>
    </p>
   </div>
   <div class='ocr_carea' id='block_1_9' title="bbox 1705 0 1720 3184">
    <p class='ocr_par' dir='ltr' id='par_1_9' title="bbox 1705 0 1720 3184">
     <span class='ocr_line' id='line_1_45' title="bbox 1705 0 1720 3184; baseline 0 0"><span class='ocrx_word' id='word_1_201' title='bbox 1705 0 1720 3184; x_wconf 95' lang='lat' dir='ltr'> </span> 
     </span>
    </p>
   </div>
  </div>
 </body>
</html>
