1720 3184
371 145 1048 229 TRAsanus:
1240 142 1357 211 {81¹

78 252 415 338 'gnificentiae
445 275 633 336 portus
653 301 669 326 ‚
708 252 806 334 qui
832 247 1178 334 importuoso
1204 253 1351 330 Tyr-
1372 262 1570 332 ²⁵²⁸.

79 340 241 398 rheni
264 338 429 396 maris
453 337 604 395 litori
626 335 962 396 succurreret
979 383 996 407 ,
1026 335 1164 394 alter
1188 334 1349 394 simul
1370 329 1418 367 A.
1442 327 1501 434 U’6
1512 322 1569 367 C,

82 430 143 482 &
160 427 371 500 majore
389 420 623 501 quidem
640 418 1024 478 munificentia
1041 417 1351 478 addebatur
1417 395 1527 508 355

80 504 328 564 Anconae
359 551 376 575 ‚
414 523 475 561 ut
502 501 778 561 Adriatici
803 502 971 560 maris
1005 501 1354 561 commercia
1425 492 1535 596 {032

79 607 561 667 promoverentur.
622 583 861 642 Ostienfi
902 604 1091 644 autem
1124 585 1352 666 portui,
1510 594 1513 597 ’

13 686 15 690 ·
81 691 256 749 quem
275 667 549 728 Claudius
567 665 749 726 Caesar
763 667 1123 727 inenarrabili
1138 669 1361 751 impen->

82 753 180 811 dio
200 799 218 823 ,
256 772 316 810 ut
336 759 451 831 jam
476 751 916 810 memoravimus
933 798 951 823 ‚
987 750 1319 810 condiderat
1337 799 1357 825 ,

13 887 15 889 ,
79 858 295 894 novum
313 833 694 917 superaddidit
712 881 729 907 ‚
770 857 885 914 quo
909 833 1077 893 tutius
1097 857 1358 894 commo-

13 927 16 942 ⁷
82 916 315 999 ditisque
346 940 512 978 naves
536 964 553 988 ‚
594 940 714 998 quae
736 917 960 976 Urbem
984 916 1233 990 alerent,
1279 939 1356 978 re⁶

14 1050 16 1054 ,
81 1002 415 1082 ciperentur.
466 998 588 1081 Ipsa
629 1001 689 1058 in
730 1000 889 1060 Urbe
930 1001 1357 1062 restituebantur

77 1105 268 1145 vetera
291 1084 602 1166 reipublicae
622 1082 1003 1165 libertatisque
1023 1108 1359 1145 monumen-

16 1176 27 1189 ⁴
81 1188 139 1227 ta
163 1216 179 1240 ,
221 1188 543 1249 temporum
572 1166 774 1246 injuria
805 1166 1040 1250 collapsa
1062 1216 1080 1243 ‚
1121 1189 1214 1228 aut
1235 1171 1361 1235 Cat-z

81 1249 265 1310 sarum
292 1249 637 1333 negligentia
665 1259 722 1311 ὃς
746 1250 1059 1311 ambitione
1082 1269 1361 1335 corrupta.'

17 1325 23 1387 Ῐ
79 1337 166 1394 Ut
188 1354 504 1394 arcerentur
525 1333 750 1394 Tiberis
769 1335 1164 1396 inundationes
1180 1384 1197 1409 ‚
1237 1359 1359 1416 quae

19 1427 25 1482 Ξ,
84 1418 250 1477 toties
276 1414 527 1477 Romam
560 1438 770 1478 terrore
800 1427 859 1478 &
881 1420 1052 1478 ruinis
1090 1419 1360 1501 oppleve-

21 1533 26 1553 e
82 1520 208 1559 rant
230 1548 246 1573 ‚
281 1498 418 1559 foffa
454 1523 552 1584 per
576 1501 881 1562 Vaticanos
919 1526 1146 1585 campos
1185 1503 1362 1574 duce-¹

20 1626 25 1639 -.
83 1584 290 1656 batur,
344 1582 454 1665 qua
495 1607 616 1667 pars
658 1584 905 1644 fluminis
944 1586 1176 1645 innoxio
1213 1587 1366 1649 fluxu

82 1667 406 1729 decurreret
431 1715 448 1740 ,
489 1677 546 1728 δε
580 1665 999 1729 faecunditatem
1028 1667 1280 1731 inferret.

22 1815 26 1822 ¹
166 1753 381 1810 EADEM
405 1751 673 1832 Principis
708 1752 998 1834 vigilantia
1022 1801 1039 1827 ,
1075 1754 1137 1813 in
1171 1752 1366 1836 quoti-³⁴

80 1833 275 1897 dianas
320 1833 492 1894 Urbis
540 1835 879 1896 neceffitates
926 1837 1186 1910 intenta,
1240 1860 1361 1919 quae

23 1916 29 1998 '3
84 1918 243 1977 divus
262 1917 448 1976 Nerva
476 1917 797 1977 admirabili
821 1919 1051 1979 consilio
1079 1942 1322 2003 coeperat
1340 1967 1361 1993 ‚

4 2036 27 2042 w
88 1999 340 2059 absolvit.
379 1999 549 2080 Aqua
568 2001 787 2060 Marcia
809 2047 826 2072 ,
868 2001 1159 2061 clariffima
1190 2027 1364 2084 aqua-

25 2118 29 2129 ι
85 2106 215 2143 rum
245 2083 508 2141 omnium
535 2131 552 2156 ,
593 2092 651 2143 ·&
680 2082 1012 2144 salubritatis
1045 2086 1232 2168 palma
1257 2110 1365 2169 po‘

25 2177 32 2224 ἰ
87 2165 204 2248 puli
248 2167 496 2225 Romani
544 2166 766 2249 potibus
817 2168 1037 2228 addicta
1072 2216 1089 2242 ,
1144 2170 1223 2229 ita
1263 2191 1363 2252 per

89 2272 285 2309 omnes
315 2249 484 2309 colles
512 2252 587 2309 est
612 2252 830 2310 invecta
849 2300 866 2324 ‚
906 2273 968 2312 ut
990 2253 1252 2313 omnium
1275 2251 1364 2311 siti

34 2346 39 2408 J
90 2330 239 2414 large
285 2331 574 2394 sufficeret.
634 2336 852 2395 Ceterae
897 2359 1091 2416 aquae,
1133 2337 1368 2396 nonita

4 2414 6 2420 ’
91 2415 304 2475 nobiles
327 2464 343 2488 ‚
375 2439 474 2496 pro
500 2416 592 2476 sua
619 2441 851 2499 quaeque
877 2420 1144 2498 qualitate
1165 2468 1182 2492 ,
1221 2419 1366 2501 aptis

28 2523 45 2598 l
92 2495 270 2559 usibus
293 2498 599 2582 adfignatae.
640 2502 953 2561 Emendata
982 2504 1154 2562 etiam
1178 2503 1362 2561 Anie-

27 2579 45 2667 ‘l
96 2579 177 2643 nis
201 2602 354 2644 novae
381 2584 557 2665 vitia5
603 2592 661 2646 δε
701 2606 809 2661 ne,
844 2584 918 2646 ob
965 2587 1364 2667 tempestatum
