1672 3174
203 171 865 216 onnoNoLoc-ucAM
925 150 1169 211 Nom.
1256 173 1368 225 443

161 253 549 319 Parthamafiride
591 253 748 318 occisi).
808 249 1042 316 Corrupte
1092 249 1340 316 Eutropius
1364 288 1379 312 ,

96 316 197 369 libr.
225 321 372 381 VIII,
390 320 630 369 Pharnace
657 318 792 386 Syrio
822 318 980 383 occist).
1401 328 1450 369 A.
1472 331 1520 367 U.
1541 328 1596 371 C.

166 385 390 435 Armenia
416 385 465 433 [⁷¹
493 384 837 449 Mesopotamia.
875 385 1074 433 Breviter
1093 381 1341 448 Eutropius
1363 421 1376 444 ,
1440 399 1553 443 868,

97 452 203 503 libr.
219 451 352 502 VIII.
369 449 664 511 Armeniam,
685 467 818 515 quam
837 464 1171 513 occupaverant
1188 449 1374 511 Parthi,
1434 473 1471 513 J,
1505 472 1558 511 (3,

96 519 285 580 recepit.
305 517 369 565 At
395 519 607 584 egregius
632 556 644 578 ‚
674 525 718 565 &
741 517 827 565 hac
850 520 898 565 in
925 535 974 565 re
996 515 1374 582 praestantiffimus
1457 550 1542 598 115

100 586 165 633 est
207 602 422 632 nummus
462 601 517 631 ex
552 601 638 632 aere
673 601 881 650 magno,
919 586 1000 650 qui
1029 583 1112 632 fuit
1141 585 1192 631 in
1213 580 1377 630 Museo
1547 568 1565 596 ³

103 650 312 717 Collegii
369 649 603 698 Ludovici
649 650 817 717 Magni
852 687 864 708 ‚
917 666 1033 697 IMP.
1079 666 1216 698 CAEs.
1259 665 1382 698 NER-

103 733 345 766 TRAIANO
386 733 590 765 OPTIMO
626 733 754 765 AVG.
800 731 920 763 GER.
960 732 1078 763 ΒΑΕ.
1113 731 1382 764 PARTmco

99 799 146 832 P.
169 800 228 830 M.
245 800 332 831 TR.
350 799 391 830 Ρ..
414 800 523 832 cos.
538 799 617 831 VI.
637 800 679 831 P.
693 801 736 831 P.
754 798 891 847 caput
906 780 1099 843 Trajani
1114 783 1385 830 laureatum.

101 865 349 897 ARMENIA
400 866 462 897 ET
507 864 893 898 MEsoPOTAMxA
938 864 992 896 IN
1038 864 1386 897 POTESTATEM

105 932 148 964 P.
174 932 224 963 R.
251 931 523 963 REDACTAE
560 932 600 964 s.
631 934 675 965 c.
707 917 803 965 Stat
827 915 1084 979 Imperator
1107 914 1348 979 paludatus
1369 952 1387 976 ,

105 980 261 1029 dextra
296 981 467 1029 hastam
492 1020 504 1041 ,
537 980 705 1030 finistrfi
742 980 994 1047 scipionem
1028 982 1387 1046 Imperatorium

104 1063 261 1107 tenet,
300 1049 417 1095 inter
451 1067 609 1096 amnes
639 1049 752 1097 duos
786 1049 913 1095 humi
949 1049 1178 1110 jacentes,
1213 1047 1387 1114 Tigrin

105 1120 150 1162 ὃ(
206 1112 488 1179 Euphratem
523 1153 535 1174 ,
587 1115 1000 1180 intermediamque
1055 1116 1344 1179 provinciam
1369 1151 1386 1176 ,

108 1182 337 1244 jacentem
374 1198 563 1248 quoque
585 1221 598 1243 ‚
636 1189 680 1230 &
715 1199 876 1230 manus
912 1181 1015 1246 post
1042 1197 1170 1248 terga
1200 1183 1388 1230 revinc-

105 1262 199 1296 tam
221 1284 233 1306 ‚
277 1248 348 1294 cui
382 1250 431 1294 in
462 1249 611 1312 capite
648 1252 759 1298 tiara
789 1248 998 1296 Armena
1037 1249 1112 1296 est.

173 1311 325 1375 Capta
363 1312 421 1379 est
459 1314 670 1365 Parthia.
709 1317 764 1363 In
799 1332 939 1362 aureo
968 1332 1161 1362 nummo
1198 1312 1391 1362 Cimelii

104 1378 242 1445 Regii
267 1417 280 1439 ,
310 1395 424 1428 1MP.
459 1396 595 1432 cAEs.
625 1399 745 1431 NER.
775 1397 994 1430 TRAIAN.
1033 1396 1221 1430 OPTIM.
1259 1396 1386 1429 AVG.

106 1461 225 1493 GER.
261 1462 379 1493 DAc.
417 1462 700 1497 PARTmco.
725 1465 862 1513 caput
887 1446 1085 1509 Trajani
1117 1447 1393 1495 laureatum.-

103 1511 161 1558 In
178 1511 363 1559 adversa
380 1529 508 1577 parte
530 1552 541 1573 ,
564 1533 605 1563 P.
625 1533 682 1563 M.
703 1531 789 1563 ΤΒ.
812 1531 854 1562 Ρ.
881 1530 986 1562 cos.
1010 1530 1087 1562 VI.
1106 1531 1149 1561 Ρ.
1173 1529 1216 1561 Ρ.
1237 1530 1389 1570 SPQR.

107 1576 364 1642 Tropaeum
387 1596 490 1627 cum
512 1584 716 1646 captivis.
752 1579 875 1629 Infra
895 1619 906 1639 ‚
939 1596 1172 1628 PARTmA
1204 1596 1394 1628 cAPTA.-

173 1643 423 1694 Cardueni.
463 1644 606 1695 Rufus
634 1646 789 1696 Festus
813 1686 826 1709 ‚
863 1648 913 1694 in
946 1647 1196 1694 Breviario.
1243 1645 1389 1695 Nunc

107 1709 151 1759 le
179 1709 446 1777 Kurdiftan.
488 1712 533 1760 A
555 1714 707 1764 Plinio
734 1713 798 1775 V,
839 1729 890 1773 15
914 1751 928 1773 ‚
959 1713 1250 1779 appellantur
1274 1711 1396 1762 Cor-

109 1775 265 1828 dueni.

170 1840 342 1902 Medi,
380 1843 643 1909 filardique.
696 1844 930 1911 Corrupte
968 1843 1214 1910 Eutropius
1237 1882 1249 1903 ‚
1285 1844 1395 1894 libr.

103 1908 238 1958 VIII.
269 1908 620 1959 Marchomedos
646 1915 899 1971 occupavit.
939 1910 1095 1971 Medi,
1123 1928 1251 1971 ‘nunc
1280 1909 1388 1959 Z'A-

111 1972 351 2037 derhigian
370 2012 387 2034 ,
426 1975 612 2036 Mardi,
646 1993 770 2023 nunc
804 1975 990 2025 Deilem
1014 2014 1027 2036 ‚
1066 1979 1182 2026 mari
1218 1975 1399 2041 Caspio

108 2057 327 2105 promml-

181 2103 238 2153 In
258 2103 401 2171 fidem
433 2105 624 2166 accepti.
660 2104 933 2171 Eutropius,
969 2107 1069 2156 libr.
1091 2106 1228 2158 VIII.
1262 2106 1397 2157 Idem

110 2169 247 2220 habet
271 2169 562 2220 Caffiodorus
592 2174 641 2219 in
667 2172 907 2222 Chronico
932 2192 946 2235 3
979 2173 1050 2221 sed
1072 2191 1317 2239 perperam
1344 2174 1396 2224 id

111 2238 261 2287 retulit
285 2235 363 2285 sub
391 2237 645 2286 consulibus
673 2238 944 2288 Commodo
975 2247 1019 2287 &
1045 2240 1244 2290 Cereali.

189 2301 406 2368 Vffifimt
440 2320 532 2352 tres
553 2322 699 2371 reges.
738 2304 846 2368 Qua
876 2306 931 2354 de
957 2324 1005 2355 re
1030 2306 1155 2355 cusus
1184 2322 1404 2357 nummus

118 2387 174 2418 ex
208 2387 292 2416 aere
325 2387 499 2436 magno
524 2409 537 2431 ,
574 2374 652 2437 qui
682 2370 764 2420 fuit
788 2374 837 2418 in
862 2371 1024 2421 Museo
1051 2372 1256 2440 Collegii
1286 2373 1391 2422 Lu·-

116 2436 266 2484 dovici
285 2435 448 2502 Magni
467 2475 478 2495 ,
500 2453 612 2484 IMP.
630 2455 766 2487 CAES.
783 2455 901 2487 NER.
917 2456 1155 2488 TRA1ANO
1183 2456 1396 2488 OPTIMO

118 2517 245 2551 AVG.
271 2517 390 2550 GER.
416 2519 532 2550 ΒΑΕ.
560 2520 822 2552 PARTHICO
855 2522 896 2553 P.
924 2523 983 2553 M.
1007 2522 1094 2554 Ta.
1115 2523 1156 2554 Ρ.
1182 2522 1290 2554 cos.
1319 2522 1399 2555 vr.

118 2584 163 2616 Ρ.
182 2584 225 2615 Ρ.
261 2584 397 2634 caput
417 2571 666 2618 laureatum
688 2569 897 2632 Traiani.
938 2573 995 2619 In
1022 2572 1207 2621 adversa
1234 2587 1361 2637 parte
1379 2610 1396 2633 2,

122 2649 297 2685 REGNA
323 2651 640 2691 ADs1GNA‘rA‚
673 2635 905 2703 Trajanus
942 2641 994 2691 in
1026 2639 1236 2692 tribunali
1274 2637 1400 2698 sedet

1113 2704 1240 2771 ij
