1672 3174
344 160 466 215 410
612 139 1388 201 INAPPENnrcEM

124 271 319 296 ’.ἑ-,Ξ
342 237 528 306 lapidea
562 243 968 290 concameratione
1002 239 1186 289 firmare
1229 260 1240 288 τ
1298 239 1396 307 ipsa
1429 240 1635 292 Colum-⁴

125 318 177 361 A.
196 320 249 358 U.
269 317 321 358 C.
346 325 407 355 na
440 307 636 373 Trajani
670 310 854 356 initium
894 309 1310 359 concamerationis
1348 309 1541 374 lapideae
1582 313 1634 364 in

159 390 271 440 359,
344 373 517 423 duabus
555 376 715 441 primis
748 375 855 439 pilis
894 373 1189 423 demonstrat.
1230 375 1322 424 Sed
1361 378 1422 423 ob
1455 378 1638 424 instan-

166 470 207 511 J·
242 469 294 510 Q
349 456 441 490 tem
465 442 572 490 belli
603 442 910 490 necessitatem
929 481 943 501 ,
972 441 1294 508 Apollodorus
1324 443 1506 509 ligneos
1532 442 1634 495 for-

174 539 269 583 106
348 511 473 556 nices
501 508 754 559 adstruxit:
793 508 960 556 deinde
995 509 1211 574 operibus
1232 548 1244 570 ‚
1284 526 1385 576 quae
1418 512 1465 557 in
1498 509 1635 559 Urbe

171 574 185 591 ⁸
274 567 289 586 ⁹
346 575 587 623 aedificavit
617 615 630 635 ,
673 575 906 625 distrastus
933 614 945 637 ,
991 578 1118 642 prius
1158 575 1398 624 confilium
1440 576 1590 626 omifit
1616 616 1630 639 ‚

343 641 575 711 probante
591 642 810 709 Principe
831 682 843 702 ,
873 645 952 712 qui
977 661 1030 690 ea
1051 682 1063 703 ,
1096 661 1197 710 quae
1225 643 1508 703 intenderat,
1538 660 1636 696 erat

344 707 601 758 adsecutus.
659 709 778 758 Mox
822 709 1090 757 Hadrianus
1116 749 1128 770 ‚
1167 709 1379 772 Trajano
1419 709 1632 773 invidus,

341 774 744 844 Apollodoroque
771 775 973 825 infensus
991 816 1003 837 ,
1038 774 1321 843 superiorem
1341 779 1497 842 pontis
1521 795 1636 842 par-

344 857 440 891 tem
471 846 661 905 evertit,
727 845 949 892 ericulum
975 843 1229 892 obtendens
1251 884 1263 904 ,
1300 843 1328 891 fi
1351 844 1490 892 hostis
1509 882 1521 904 ‚
1554 861 1636 892 ex-

342 914 563 978 pugnatis
586 928 680 977 prae
702 910 801 958 1diis
818 949 830 971 ,
848 928 1041 976 pontem
1058 927 1333 977 occuparet,
1355 917 1398 958 ὃ(
1415 909 1633 960 Moesiam

342 977 596 1026 invaderet.
625 977 873 1025 Exstabant
894 976 1045 1026 adhuc
1063 978 1197 1044 pilae3
1221 979 1420 1045 testeque
1434 977 1594 1026 Dione
1614 1017 1631 1039 ‚

343 1043 462 1092 nihil
493 1043 580 1092 esse
613 1044 741 1112 quod
766 1044 974 1092 humano
1006 1047 1200 1111 ingenio
1227 1045 1347 1093 effici
1373 1062 1470 1092 non
1497 1044 1633 1110 poffit

344 1112 734 1178 comprobabant.
779 1110 923 1160 Nunc
942 1151 955 1173 ‚
990 1127 1254 1178 temporum
1279 1113 1446 1172 injuria
1470 1114 1630 1160 &-ssu-

341 1180 482 1227 minis
509 1179 728 1227 violentia
750 1178 907 1227 dirutae
930 1217 942 1239 ‚
977 1176 1055 1226 sub
1085 1181 1215 1247 aquis
1253 1177 1533 1227 delitescunt.

407 1244 607 1295 Manent
642 1262 796 1294 tamen
833 1243 1082 1312 conspicua
1113 1249 1163 1294 in
1196 1247 1388 1312 utraque
1421 1245 1629 1294 Danubii

340 1312 443 1377 ripa
483 1316 720 1361 ruinarum
761 1314 949 1381 vestigia
985 1332 996 1360 ε
1047 1328 1091 1361 at
1129 1331 1186 1362 ex
1223 1315 1277 1361 iis
1321 1330 1444 1360 nova
1486 1314 1631 1360 ori:ur

343 1377 603 1428 difficultas.
625 1380 846 1447 Arguunt
861 1382 986 1429 enim
1006 1398 1105 1428 non
1127 1396 1301 1428 tantam
1322 1378 1409 1427 effe
1427 1381 1630 1428 fluminis

338 1446 629 1495 latitudinem
653 1486 665 1508 ‚
703 1464 926 1516 quantam
957 1446 1127 1513 scripfit
1158 1448 1271 1496 Dio.
1325 1445 1467 1495 Hanc
1500 1446 1628 1494 diffi-

339 1513 559 1563 cultatem
586 1517 732 1563 movit
761 1514 837 1563 Cl.
867 1514 1039 1563 Comes
1069 1515 1284 1580 Aloyfius
1309 1513 1628 1562 Ferdinandus

337 1579 551 1647 Marfigli
567 1621 579 1641 ,
600 1598 693 1630 tum
717 1584 765 1630 in
777 1581 986 1649 Epistola
1008 1581 1064 1628 ad
1083 1581 1137 1630 R.
1150 1582 1202 1630 P.
1221 1582 1277 1630 de
1299 1580 1626 1643 montfaucon,

340 1662 438 1696 tum
479 1651 527 1696 in
570 1651 764 1717 egregio
807 1667 983 1715 opere,
1024 1651 1095 1697 cui
1139 1650 1289 1698 titulus
1316 1687 1330 1708 ,
1372 1647 1629 1696 Danubius

337 1713 887 1783 Pannonico-Mjficus,
919 1715 1064 1764 Tom.
1088 1715 1160 1777 ΙΙ,
1197 1734 1310 1783 pag.
1332 1731 1387 1774 25
1427 1721 1471 1763 &
1497 1717 1627 1783 seqq.

336 1799 427 1830 nec
459 1798 611 1830 tamen
640 1783 737 1848 ipse
763 1784 869 1831 loca
899 1782 996 1830 satis
1024 1782 1269 1848 diligenter
1296 1780 1443 1831 invisit
1470 1788 1514 1829 δε
1544 1800 1629 1829 ex—

336 1849 543 1916 plicavit.
584 1849 901 1896 Illustriffimus
919 1846 1140 1911 Princepsss
1160 1848 1393 1914 Eugenius
1414 1886 1426 1907 ,
1462 1848 1624 1896 duChrs

337 1914 594 1963 curiositate
617 1953 629 1974 ‚
663 1933 763 1982 quae
785 1914 1053 1979 Principem
1072 1913 1267 1976 Trajani
1293 1914 1507 1961 aemulum
1541 1914 1626 1962 de·-

337 1998 461 2029 ceret
491 2020 503 2040 ,
547 1983 704 2047 pontis
740 1982 930 2047 vestigia
965 1979 1263 2046 exploravit,
1309 1986 1354 2028 &
1397 1983 1626 2045 comperit

336 2047 548 2114 lapideos
571 2066 668 2095 non
691 2047 819 2096 fuisse
841 2048 1040 2095 fornices
1057 2085 1069 2106 ,
1098 2065 1186 2095 nec
1213 2065 1315 2096 eam
1336 2085 1348 2106 ,
1380 2064 1481 2114 quae
1503 2047 1620 2096 fere-

339 2115 497 2174 batur,
533 2116 688 2180 pontis
720 2114 1080 2181 longitudinem.
1135 2112 1373 2162 Menshras
1415 2114 1623 2164 admovit

338 2180 417 2231 Cl.
455 2182 577 2230 Baro
619 2181 916 2248 Hingelhard
939 2220 951 2242 ,
994 2186 1037 2228 δε
1079 2182 1198 2229 inter
1236 2180 1389 2229 saxeas
1434 2182 1621 2245 moles,

337 2247 525 2297 Gallice
561 2247 626 2296 les
660 2249 808 2297 cule‘es
834 2287 849 2307 ,
891 2247 1054 2316 quibus
1089 2264 1218 2296 arcus
1255 2247 1582 2296 incumbebant
1604 2285 1618 2308 ‚

338 2317 508 2380 reperit
555 2316 846 2363 intervallum
887 2314 975 2362 effe
1028 2330 1116 2376 535
1160 2313 1388 2379 Klaffiers
1418 2352 1434 2372 ‚
1488 2314 1617 2381 quod

339 2382 480 2430 efficit
519 2379 724 2429 Gallicas
763 2381 1023 2447 hexapedas
1069 2396 1178 2438 520.
1240 2380 1306 2428 At
1347 2381 1419 2427 vel
1456 2382 1503 2427 in
1546 2381 1616 2428 his

337 2448 559 2516 angustiis
600 2465 720 2513 pons
757 2447 953 2512 Trajani
992 2448 1217 2495 maximus
1256 2446 1414 2495 haberi
1450 2447 1613 2507 debet,
1670 2464 1672 2514 ᾗ

337 2516 444 2563 crim
479 2513 690 2580 septuplo
722 2516 872 2579 major
904 2513 954 2562 fit
986 2529 1130 2579 ponte
1157 2514 1308 2581 Regio
1332 2553 1344 2575 ,
1378 2515 1457 2579 qui
1480 2511 1614 2579 supra
1667 2519 1672 2574 §J

335 2581 602 2649 Sequanam
638 2600 788 2652 prope
819 2581 977 2633 hortos
1007 2580 1181 2648 Regios
1204 2620 1218 2644 ‚
1247 2580 1314 2632 les
1350 2577 1575 2633 Tuileries
1591 2614 1612 2647 2
1667 2579 1672 2654 j

333 2645 512 2709 Parisiis
546 2647 709 2702 visitur.
1665 2676 1672 2726 l

1665 2732 1668 2766 l
