1672 3174
301 165 416 230 502
634 142 690 205 A
729 166 769 203 N
816 166 845 203 E
891 167 924 210 Q
973 167 1011 204 D
1058 169 1096 206 0
1142 170 1179 208 T
1203 167 1248 211 Α

408 242 541 289 Siccis
576 244 719 299 rustica
747 243 897 286 veritas
924 247 1098 302 capillis·

409 319 499 363 Hoc
518 319 594 374 sub
623 319 838 376 Principe,
863 317 904 371 sz'
921 320 1063 374 sapis,
1097 332 1231 363 caveto
1246 331 1263 369 ;

408 395 554 440 Verbis
573 426 589 442 ,
616 393 771 441 Roma,
799 392 1001 449 prioribus
1029 394 1224 450 loquaris·

296 487 400 538 Suis
433 483 644 554 verisque
676 484 886 535 laudibus
921 485 1153 535 attollatur
1180 484 1376 551 Trajani
1410 491 1585 554 virtus‚'

296 555 390 621 qua
439 552 558 603 certe
605 553 784 603 nullam
829 553 1121 602 illustriorem
1173 554 1286 604 vidit
1335 557 1587 623 imperium

293 622 581 670 Romanum.
617 621 684 670 At
710 620 966 671 fabularum
998 617 1178 669 suarum
1208 621 1380 687 pudeat
1416 623 1583 673 Chris-

295 691 446 738 tianos
481 687 705 756 quosdam
742 687 982 756 scriptores
1000 726 1015 750 ,
1055 691 1136 756 qui
1167 706 1275 737 eum
1307 689 1364 738 ab
1392 690 1587 754 inferis,

292 756 356 803 ob
386 757 482 817 ejus
516 757 809 806 clementiam
841 762 885 805 &
915 753 1313 806 mansuetudinem
1333 795 1347 818 ‚
1378 758 1585 807 lacrimis

292 829 338 870 &
360 823 538 872 fletibus
555 823 668 874 Divi
685 824 907 891 Gregorii
923 824 1166 872 liberatum
1181 822 1310 872 fuisse
1324 828 1582 875 commenti·

286 891 403 939 sunt.
459 890 583 944 Vide
615 892 732 941 Αόἕα
768 890 1040 941 &annorum
1066 930 1079 952 ‚
1109 889 1257 939 Tom.
1294 890 1369 953 H,
1409 893 1582 943 mensis

285 956 474 1019 Martii,
504 976 615 1026 pag.
641 966 763 1024 136,
801 975 888 1023 137
914 965 958 1007 ὃς
984 974 1093 1020 155.

348 1024 581 1088 Trajanus
633 1028 993 1076 commentarios
1027 1042 1179 1073 rerum
1216 1024 1398 1076 suarum
1433 1024 1575 1094 scrip-

282 1090 427 1155 serat3
454 1095 532 1160 qui
557 1092 660 1142 fiad
676 1111 763 1142 nos
786 1091 1123 1159 pervenissent,
1147 1097 1390 1161 egregium
1404 1093 1572 1161 suppe-

283 1160 493 1210 ditassent
524 1160 719 1211 historiae
738 1176 1063 1227 argumentum
1089 1179 1099 1207 :
1120 1163 1169 1209 in
1195 1163 1249 1210 iis
1270 1163 1428 1228 ampla
1447 1180 1573 1229 quo-

280 1245 373 1296 que
394 1225 540 1276 fuisset
559 1229 828 1278 eruditionis
843 1229 1051 1278 materia.
1064 1226 1114 1276 N
1118 1228 1234 1277 ullus
1255 1231 1376 1276 enim
1392 1231 1573 1295 princi-

276 1313 394 1361 pum
429 1333 445 1357 ,
490 1312 609 1362 quos
644 1295 792 1363 prisca
827 1295 1153 1344 Romanorum
1193 1334 1208 1357 ‚
1242 1294 1516 1345 Graecorum
1555 1334 1569 1357 ‚

274 1364 533 1411 aliorumve
572 1365 877 1429 imperiorum
919 1380 1022 1412 aetas
1069 1363 1314 1412 celebravit
1344 1403 1357 1425 ,
1390 1365 1573 1425 majora

273 1429 404 1496 gestit
420 1467 434 1491 ‚
469 1427 612 1496 quam
629 1430 861 1495 Trajanus
880 1468 894 1493 ‚
918 1429 1076 1498 plusve
1093 1445 1312 1480 terrarum
1335 1448 1566 1498 peragra-

273 1500 339 1547 vit
376 1503 423 1545 &
457 1498 688 1546 illustavit.

337 1563 506 1613 Praeter
548 1564 778 1631 insignem
823 1565 1092 1614 columnam
1127 1563 1323 1628 Trajani
1355 1604 1368 1627 ‚
1418 1583 1564 1633 quarn

273 1629 508 1697 saepiffime
551 1630 684 1697 supra
727 1635 1020 1692 memoravi,
1068 1648 1163 1680 erat
1206 1634 1301 1695 ejus
1334 1650 1464 1681 arcus
1509 1636 1561 1682 in

271 1698 424 1766 prima
448 1697 593 1747 Urbis
614 1702 810 1766 regione
831 1739 843 1761 ‚
877 1702 985 1748 teste
1010 1699 1063 1747 P.
1085 1699 1281 1750 Viecore
1306 1718 1322 1763 3
1359 1701 1566 1769 anagly-

271 1767 377 1833 phis
415 1764 604 1832 aliisque
642 1770 928 1815 ornamentis
970 1767 1255 1817 nobilitatus.
1305 1766 1409 1829 At,
1451 1768 1563 1817 etim

273 1833 570 1882 Constantini
610 1850 739 1882 aetate
771 1833 1006 1898 periissent
1041 1849 1157 1881 artes
1181 1872 1195 1894 ‚
1230 1837 1367 1900 eique
1402 1850 1558 1882 tamen
1666 1876 1672 1904 ἐ

270 1899 333 1946 ob
376 1900 590 1946 vi&orias
631 1917 760 1946 arcus
809 1900 1034 1946 dicaretur
1060 1936 1073 1957 ‚
1114 1915 1238 1946 nova
1281 1899 1469 1964 qul-dem
1513 1907 1559 1950 &
1665 1915 1672 1961 ξ

270 1965 402 2014 rudia
421 1966 587 2012 simeia
609 1963 710 2014 sunt
730 2004 743 2026 ‚
777 1965 940 2032 quibus
973 1963 1127 2013 addita
1159 1968 1350 2032 egregia
1381 1966 1555 2016 decora

269 2033 328 2082 ab
362 2049 470 2081 arcu
498 2031 695 2094 Trajani
724 2031 891 2081 ablata.
943 2030 1062 2079 Haec
1093 2034 1209 2080 inter
1238 2032 1414 2081 videtur
1438 2052 1561 2083 ana-

269 2100 502 2168 glyphum
542 2132 562 2158 ‚-
615 2101 665 2147 in
721 2117 816 2167 quo
853 2098 1086 2161 Trajanus
1148 2100 1233 2148 stat
1294 2098 1559 2150 sacrificans

269 2185 376 2216 cum
409 2165 800 2216 suovetaurilibus.
837 2165 981 2214 Erant
1005 2183 1194 2234 quoque
1216 2166 1326 2214 οθίο
1351 2166 1559 2234 infignes

267 2236 443 2292 statuae,
465 2234 619 2281 eximii
640 2238 792 2299 operis
814 2273 825 2293 ,
841 2250 1041 2300 quorum
1063 2234 1219 2299 capita
1240 2233 1361 2281 clam
1384 2236 1525 2283 nocie
1537 2274 1556 2297 ,

265 2301 382 2364 jussu
419 2298 659 2348 Laurentii
691 2299 747 2349 de
782 2300 980 2348 Medicis
1004 2338 1019 2361 ‚
1055 2315 1290 2365 amputata
1328 2298 1431 2349 sunt
1454 2339 1467 2361 ‚
1502 2308 1550 2350 &

264 2367 551 2417 florentiam
570 2365 814 2432 asportata.
838 2366 945 2414 Post
962 2368 1300 2415 veteremillam
1321 2365 1552 2433 exspolia-
1610 2406 1616 2425 ,
1644 2379 1646 2383 ’

266 2438 442 2483 tionem
460 2471 473 2493 ‚
492 2433 740 2482 manebant
759 2433 908 2482 adhuc
928 2451 1158 2482 marmora
1174 2451 1300 2482 arcus
1317 2432 1512 2496 Trajani
1527 2475 1546 2499 ,

262 2504 427 2569 quibus
472 2499 736 2549 clariffimus
761 2500 1232 2566 Michael-Angelus
1269 2498 1545 2551 Buona‘rotti

264 2568 363 2618 usus
391 2568 484 2628 est,
514 2565 619 2616 cum
650 2569 835 2620 strueret
865 2567 1242 2636 elegantiffimam
1269 2566 1406 2618 bafim
1422 2603 1438 2631 5
1467 2571 1543 2620 cui
