1720 3184
369 158 442 230 98
553 150 945 212 Appmmx
994 169 1486 217 ennonoroess

152 274 494 326 -.-...—-...¹tum
519 251 618 311 alis
648 300 666 325 ,
707 273 842 334 quas
887 248 1148 332 Agricola
1186 252 1257 312 ad
1296 253 1478 315 subita
1514 252 1656 316 belli

147 346 202 388 A.
229 344 348 385 ue.
367 337 675 397 retinuerat
698 382 714 408 ,
751 335 1004 393 Britanni
1041 336 1100 394 in
1138 333 1335 421 fugam
1372 339 1510 400 versi
1532 388 1550 412 ,
1591 348 1653 401 &

189 416 295 473 337·
363 422 434 481 ab
459 419 880 501 insequentibus
904 420 1185 481 trucidati.
1223 421 1379 482 Caesa
1404 424 1652 485 hostium

174 496 222 538 J’
255 497 311 539 C.
361 506 435 565 ad
473 505 677 564 decem
718 503 915 563 millia.
964 506 1362 566 Romanorum
1411 508 1655 568 trecenti

191 571 274 626 84·
356 589 734 672 quadraginta
760 589 1015 648 cecidere
1040 637 1057 661 ,
1098 590 1159 649 in
1195 590 1319 672 quis
1341 592 1525 652 Aulus
1546 593 1653 652 At-

356 678 502 733 ticus
527 721 543 747 ‚
568 670 854 755 praefectus
880 673 1126 733 cohortis
1146 722 1162 746 ‚
1192 676 1428 755 juvenili
1450 676 1651 737 ardore

358 767 419 820 &
435 755 647 818 ferocia
671 757 804 839 equi
827 757 1071 816 hostibus
1090 758 1292 818 illatus.
1310 763 1508 820 Exacta
1528 768 1650 842 jam

353 845 533 902 aestate
574 889 591 914 ,
660 842 793 901 cum
836 840 1018 924 spargi
1072 841 1290 903 bellum
1342 846 1650 926 nequiret,

353 926 627 1010 Agricola
663 927 722 985 in
762 926 900 986 fines
937 928 1306 987 Horestorum
1340 931 1652 990 exercitum

354 1012 611 1071 deduxit.
651 1011 742 1069 Ibi
770 1011 1009 1091 acceptis
1035 1011 1321 1073 obsidibus
1340 1063 1355 1087 ‚
1386 1012 1650 1098 praefecto

354 1095 526 1156 classis
572 1095 921 1155 circumvehi
954 1096 1309 1158 Britanniam
1346 1100 1650 1183 praecepit3

352 1189 415 1243 δε
443 1181 502 1238 in
528 1202 846 1240 extremum
875 1180 1024 1238 hunc
1057 1201 1213 1241 terrae
1246 1180 1524 1266 famaeque
1561 1207 1650 1244 re·-

356 1262 570 1331 ceffum
607 1267 682 1325 est
717 1262 1065 1346 inquisitum.
1288 1333 1293 1337 ,

140 1377 334 1418 εξε-
443 1351 820 1409 DOMlTIANO
858 1348 1110 1431 Augusto
1134 1351 1257 1422 XI,
1297 1351 1372 1409 T.
1409 1346 1650 1409 Aurelio

138 1434 336 1478 ‘NJ-C·
359 1433 534 1495 Fulvo
575 1433 910 1494 consulibus,
950 1434 1212 1515 Princeps
1241 1482 1257 1506 ,
1314 1435 1376 1493 in
1422 1433 1650 1494 Urbem

181 1508 294 1597 33⁸2
359 1519 574 1592 redux,
617 1518 974 1603 triumphum
1011 1519 1170 1600 egit3
1212 1527 1271 1579 &
1310 1540 1371 1579 ut
1405 1519 1649 1602 praemiis

174 1583 228 1694 ³⁶3
250 1588 304 1626 ζ’·
357 1604 536 1664 fidem
567 1604 786 1663 virtutis
811 1602 1069 1662 militaris
1099 1601 1339 1676 faceret,
1379 1624 1648 1684 quartum

199 1695 202 1700 '
238 1661 279 1708 ς’
353 1688 576 1750 addidit
598 1687 940 1772 stipendium
968 1685 1177 1759 militi,
1218 1711 1413 1747 aureos
1437 1708 1646 1749 ternos.

351 1777 487 1836 Haec
545 1771 640 1834 alii
686 1771 847 1831 solita
895 1771 1221 1831 adulatione
1269 1771 1647 1834 attollebant:

351 1857 538 1941 plures
578 1856 926 1916 irridebant:
968 1856 1085 1939 pari
1121 1856 1407 1938 utrimque
1449 1857 1649 1916 discri-

354 1943 512 2002 mine
530 1991 546 2015 ,
573 1940 706 2000 cum
726 1940 1096 2000 Domitianus
1116 1939 1455 2001 conscientia
1484 1965 1650 2011 men-⁴,

355 2027 504 2087 dacii
531 2025 724 2085 laudes
749 2048 865 2084 non
893 2022 1065 2084 ferret
1084 2069 1100 2097 ,
1129 2033 1187 2084 &
1211 2023 1373 2083 insita
1393 2026 1645 2087 vanitate

352 2110 728 2171 contumelias
751 2108 969 2169 odiffet.
1008 2109 1300 2169 Omnibus
1321 2111 1530 2190 pariter
1551 2110 1646 2170 in-

351 2193 571 2267 fensuS‚
599 2193 926 2275 secretoque
954 2192 1180 2275 palatii,
1214 2215 1307 2253 aut
1327 2194 1386 2252 in
1411 2193 1642 2254 Albano

351 2277 452 2339 suo
477 2279 737 2338 conditus
754 2326 769 2350 ‚
792 2300 1005 2336 atroces
1025 2278 1130 2336 iras
1152 2278 1474 2338 meditatur.
1494 2279 1642 2341 lnde

350 2363 414 2423 in
440 2363 683 2423 deterius
712 2383 908 2422 ruente
936 2363 1246 2443 principatu
1267 2412 1282 2435 ‚
1322 2361 1603 2423 delatores
1621 2409 1642 2437 ,

350 2449 618 2508 hactenus
643 2446 863 2530 repressi
884 2495 899 2518 ,
925 2445 1182 2506 licentius
1212 2447 1477 2530 irrupere.
1517 2449 1655 2505 Ur..

347 2530 436 2595 sus
460 2579 477 2605 ,
524 2531 655 2592 talia
684 2530 954 2613 Principis
983 2529 1263 2598 dedecora
1291 2531 1441 2590 haud
1475 2554 1636 2611 aequo

346 2617 544 2688 animo
597 2615 783 2683 ferens
812 2664 832 2696 2
874 2617 936 2682 in
988 2614 1289 2683 distrimen
1342 2614 1636 2687 adductus..
