1672 3174
31 164 37 171 ’
125 150 787 192 cHn0N0Loc1CAM
831 131 1078 189 Nom.
1180 136 1288 206 361

86 232 412 284 Pos'rvLAT.
444 229 564 278 Pliu.
597 228 737 294 Epist.
761 228 857 279 VII
876 268 888 290 ,
926 246 1000 293 33.
1318 255 1528 290 3333

84 297 347 362 Laudaffet.
377 296 529 343 Tacit.
552 295 651 344 Vit.
670 296 832 363 Agric.
856 313 959 360 cap.
986 315 1029 342 2.
1318 307 1368 346 A.
1389 309 1437 346 U.
1459 309 1510 348 (3,

85 363 348 428 Scripjfflet.
369 360 521 408 Tacit.
539 360 648 407 ibid.
673 363 797 412 Suet.
818 365 868 410 in
885 362 1073 421 Domit.„
1092 377 1195 428 cap.
1222 378 1296 410 10.
1376 377 1481 427 347,

86 429 381 495 Relegantur.
420 425 539 473 Plin.
563 424 652 489 Ep.
674 428 741 474 ΙΙΙ
760 468 772 489 ‚
808 447 823 475 1
842 446 881 475 1.
1356 451 1392 490 J,
1425 452 1478 492 C·

86 495 346 546 Maurzcus.
377 491 534 540 Frater
560 493 755 540 Aruleni
786 494 972 541 Rustici.

91 559 303 614 Helvidio
320 557 442 625 filio.
463 558 655 606 sueton.
676 561 725 607 in
744 559 925 609 Domit.
946 577 1048 625 cap.
1069 576 1144 613 10.
1179 561 1299 611 Plin.

17 625 114 696 aEp.
135 627 208 675 IX
223 665 236 687 ,
268 643 341 689 13.

90 694 208 744 Cum
237 709 389 741 uxore.
426 691 653 740 Domitia.

88 761 274 812 Manus
290 756 462 808 intulit.
486 757 604 805 Plin.
624 759 716 810 loc.
737 759 812 806 cit.
842 755 994 808 Tacit.
1023 758 1122 809 Vit.
1141 758 1304 827 Agric.

17 841 129 893 ceap.
165 842 244 886 45.

85 892 313 942 Submoti.
352 891 542 940 Sueton.
561 894 609 939 in
636 891 817 938 Domit.
849 907 951 955 cap.
980 906 1056 937 10.

91 955 485 1022 Animadversum.
510 957 830 1025 Hieronymus
845 994 859 1019 ,
877 957 932 1005 de
952 957 1119 1023 Script.
1140 956 1305 1009 Ecclea'

23 1023 183 1076 fiastic.
213 1042 315 1090 cap.
331 1041 380 1081 9.

1375 536 1457 577 94·

95 1157 248 1208 PATR
261 1170 414 1205 UELIS
438 1168 638 1207 FORET.
667 1156 790 1208 Vide
812 1156 1018 1206 Stemma
1037 1155 1303 1208 Flaviorum
1330 1185 1521 1223 εἷς

19 1226 77 1272 tin
108 1227 264 1290 priore
297 1223 450 1271 Taciti
480 1222 681 1272 editione
702 1262 719 1287 ,
755 1223 899 1272 Tom.
932 1225 1000 1271 ΠΙ
1015 1262 1029 1284 ,
1070 1242 1182 1291 pag.
1212 1232 1304 1290 384
1328 1241 1379 1279 A.
1398 1244 1446 1282 U.
1471 1246 1520 1286 C.

21 1297 75 1338 ὦ(
98 1292 224 1366 leqq.
251 1306 479 1365 num-⁴13·
666 1357 673 1366 ·
1373 1317 1482 1366 848.

92 1358 354 1419 Impietatzs
380 1372 428 1404 ιη
457 1353 578 1402 deos.
610 1355 709 1431 D¹.⁰
739 1355 961 1416 LXVII,
982 1367 1224 1424 pag.766.
1367 1390 1404 1429 J·
1433 1394 1481 1432 C.

97 1423 418 1485 Interemptus.
458 1421 648 1469 Sueton.
670 1440 719 1468 in
748 1422 930 1470 Domit.
960 1440 1063 1489 cap.
1084 1442 1155 1486 15.
1189 1426 1307 1475 Cle-
1386 1471 1414 1509 9
1424 1468 1468 1514 ς.

24 1508 234 1541 ·»mentem
259 1485 632 1551 contemptzffimae
654 1485 832 1537 inertiae
861 1492 1011 1555 arguit
1032 1492 1307 1555 Suetonius,

28 1557 160 1625 quod
183 1556 402 1606 Clemens
431 1552 700 1601 Christianae
720 1556 898 1619 pietatis
930 1560 1308 1624 tranquillitatem

38 1624 299 1674 [efflabatur.
323 1616 459 1669 Multi
475 1619 551 1665 alii
571 1619 818 1669 Christiani
836 1624 1010 1687 periere
1028 1662 1039 1683 ‚
1068 1641 1117 1673 ut
1133 1628 1308 1676 constat

39 1708 91 1740 ex
110 1692 267 1739 Brutio
283 1727 296 1749 ,
310 1687 434 1754 apud
454 1685 800 1754 Hieronymum
821 1689 870 1736 in
891 1688 1114 1738 Chronic.
1133 1691 1310 1741 Suffra-

40 1774 167 1825 gatur
190 1757 287 1804 Dio
306 1793 320 1816 ,
348 1755 439 1801 loc.
464 1755 537 1799 cit.
578 1752 717 1801 Tunc
742 1753 949 1806 Joannes
980 1756 1233 1820 Apostolus
1257 1761 1309 1807 in

40 1822 225 1876 insulam
251 1819 483 1869 Pathmon
499 1854 513 1878 ‚
547 1836 671 1867 nunc
696 1817 865 1869 Patino
881 1859 897 1880 ,
926 1823 1150 1888 relegatus
1174 1826 1253 1872 est.

102 1888 214 1938 Rele
251 1901 347 1934 ατα.
397 1886 496 1934 Dio
520 1922 533 1942 ,
574 1886 666 1932 loc.
705 1887 780 1934 cit.
830 1886 1104 1937 Pandataria
1140 1892 1320 1951 insula3

45 1972 162 2005 nunc
208 1905 315 2019 [ἕψε
356 1948 715 1999 sainte-Maria·
740 1986 757 2007 ,
805 1966 853 1999 ut
900 1953 994 2013 jam
1036 1954 1209 2002 dicium
1253 1958 1318 2004 est

47 2021 215 2073 Anna'i.
246 2019 301 2079 I,
341 2034 416 2080 53.

105 2086 166 2136 In
210 2084 447 2136 Pontiam.
499 2084 679 2132 Brutius
721 2084 844 2149 apud
884 2083 1231 2153 Hieronymum
1269 2090 1321 2137 in

40 2153 268 2204 'Chronic.
306 2150 473 2199 Pontia
504 2149 681 2210 insula,
715 2167 842 2198 nunc
878 2149 984 2216 Z’ifle
1019 2149 1198 2219 Ροηῖα.
1242 2154 1322 2202 De

40 2221 235 2288 ‹utraque
255 2217 501 2267 Domitilla
526 2217 628 2266 vide
647 2217 852 2266 Stemma
869 2215 1134 2267 Flaviorum
1148 2258 1162 2281 ,
1187 2218 1321 2287 supra

50 2287 277 2338 laudatum
301 2324 313 2346 ,
347 2303 475 2333 num.
505 2301 558 2332 12
583 2290 625 2331 ὃς
651 2301 724 2343 14.

108 2353 277 2402 Rerum
293 2368 507 2401 novarum
525 2349 716 2399 molitor.
735 2348 857 2398 Suet.
870 2354 919 2399 in
934 2350 1114 2400 Domit.
1127 2370 1230 2418 cap.
1248 2371 1321 2401 10.

107 2419 231 2469 Reos
254 2416 432 2484 agebat.
476 2418 573 2465 Dio
599 2415 818 2476 LXVII,
854 2434 965 2483 pag.
991 2427 1103 2475 766.

62 2524 66 2525 γ
115 2482 491 2551 Existimabatur.
532 2483 648 2530 Haec
680 2482 867 2530 totidem
900 2484 1046 2532 verbis
1076 2486 1321 2535 Suetonius

56 2553 101 2601 in
135 2552 316 2599 Domit.
343 2567 446 2615 cap.
472 2568 545 2608 14.
573 2548 695 2598 Vide
722 2554 764 2594 &
786 2548 991 2596 Dionem
1010 2588 1024 2610 ,
1054 2547 1145 2601 loe.
1168 2553 1241 2600 cit·

115 2615 323 2669 Juvenzii
353 2614 485 2684 Οεῌὶ.
515 2616 613 2666 Dio
636 2613 860 2677 LXVII,
888 2633 999 2684 pag.
1023 2625 1161 2673 765..
1235 2648 1242 2654 -

183 2681 308 2736 Tom.
349 2684 409 2737 V.
1074 2680 1153 2748 ,(2μ
