1720 3184
357 162 470 200 100
547 136 958 199 APPEme
1008 134 1534 202 CHRoNorssoG:

136 265 331 295 :ca-a
350 238 715 299 servientium
765 237 1075 296 immixtus.
1152 239 1531 319 Impendebat
1581 239 1642 300 ἕξ

134 320 189 362 A.
207 322 258 360 U·
281 320 330 363 C.
355 325 514 383 ruina
534 369 549 395 ,
586 323 645 379 ni
677 320 920 379 militare
949 343 1163 380 nomen
1191 323 1311 381 aliis
1338 323 1640 385 virtutibus

181 396 291 454 838.

171 470 212 510 J.
239 472 289 512 C.

180 540 265 594 85.

356 403 711 488 temperasset
733 427 750 481 3
777 404 1162 485 modestiaque
1184 428 1338 486 parta
1359 406 1641 469 securitas.·

443 494 712 549 INTERIM
736 489 1007 548 intestinis
1034 488 1193 548 bellis
1217 488 1471 550 fervebat
1495 495 1636 550 Ger-

349 574 560 634 mania.
635 573 835 645 Catti,
879 572 1253 655 triumphati,
1303 599 1418 633 non
1461 576 1643 648 victi;

349 656 662 719 Cheruscos
695 678 930 739 gentem
953 658 1227 716 Romanis
1266 657 1440 717 fidam
1477 680 1637 719 erant

345 741 618 825 adgreffi3
657 739 951 824 pulsusque
984 763 1159 823 regno
1185 742 1590 802 Chariomerus
1614 791 1635 816 ‚

343 824 766 887 Cheruscorum
799 832 909 885 [εἰς.
969 826 1020 883 Is
1056 825 1294 905 quidem
1320 874 1338 898 ‚
1380 825 1538 886 sociis
1572 828 1636 887 in

345 911 619 972 auxilium
663 910 852 968 excitis
888 956 905 984 ,
957 930 1197 991 regnum
1248 912 1593 994 recuperavit
1618 936 1631 969 z

341 1017 400 1056 at
426 1018 560 1054 mox
584 992 829 1054 desertus
853 1028 869 1066 -,
912 992 1130 1053 obfides
1156 995 1408 1054 Romam
1441 995 1591 1055 misit
1612 1041 1632 1068 ,

340 1081 443 1162 qui
463 1102 635 1162 opem
660 1098 901 1138 orarent.
932 1078 1086 1137 Data
1111 1076 1332 1137 tantum
1358 1081 1630 1162 pecunia3

340 1162 733 1244 Cheruscique
775 1210 791 1235 ,
852 1160 1022 1243 longa
1063 1184 1197 1244 pace
1244 1163 1548 1237 imbelleS,
1599 1188 1630 1223 a

340 1249 528 1309 Cattis
561 1248 739 1307 attriti
770 1246 910 1306 sunt.
966 1246 1158 1304 Tracti
1189 1247 1348 1305 ruina
1383 1247 1633 1308 Cherus-

342 1355 541 1393 corum
586 1330 705 1391 Fofi
743 1379 761 1404 ‚
817 1330 1174 1389 contermina
1209 1339 1372 1413 gens.v
1439 1333 1631 1392 Suevis

340 1437 535 1477 autem
557 1463 574 1488 ‚
615 1414 772 1498 quod
799 1414 1033 1497 aLygiis
1066 1436 1398 1474 vexarentur
1417 1463 1434 1488 ,
1475 1417 1630 1476 auxi-

338 1502 484 1562 lium
528 1499 850 1585 petentibus
876 1546 893 1571 ‚
935 1498 1078 1559 miffi
1103 1520 1335 1559 centum
1365 1499 1580 1580 equites
1607 1546 1625 1574 ,

340 1608 482 1646 onus
507 1584 692 1667 potius
708 1632 724 1657 ‚
749 1582 918 1666 quam
942 1583 1084 1645 vires
1110 1584 1369 1644 adversus
1393 1584 1628 1645 hostem.

341 1669 519 1731 Unde
545 1669 747 1729 irritati
769 1667 934 1728 Suevi
961 1691 1090 1728 cum
1115 1669 1149 1731 J
1153 1668 1415 1751 azygibus
1435 1669 1631 1729 adver⁴¹

339 1754 429 1815 sus
451 1776 645 1835 pacem
672 1755 996 1814 Romanam
1019 1800 1034 1824 ‚
1063 1756 1294 1833 traJecfito
1318 1753 1591 1815 Danubio
1609 1800 1627 1826 ,

340 1837 568 1898 consilia
589 1838 785 1898 iniere.
830 1833 1057 1914 Masyus
1083 1859 1310 1916 quoque
1334 1883 1350 1907 ‚
1387 1838 1629 1896 Semno-

341 1946 484 1983 num
501 1945 594 1982 rex
611 1969 627 1994 ,
644 1930 699 1982 &
719 1925 952 1991 Ganna,
972 1922 1089 2002 post
1103 1919 1390 1983 Veledam
1411 1942 1629 2000 magnae

340 2005 491 2089 apud
525 2028 618 2066 eos
653 2004 994 2065 auctoritatis
1028 2002 1244 2063 femina
1275 2051 1292 2076 ,
1335 2002 1466 2062 cum
1503 2006 1629 2066 Ro-

338 2115 499 2151 mam
539 2088 815 2151 Veniffent
838 2137 854 2162 ,
904 2087 1211 2146 honorifice
1261 2089 1520 2170 excepti,
1564 2089 1626 2150 in

337 2176 578 2260 patriam
605 2173 809 2235 remiffi
837 2171 977 2232 sunt.
1015 2173 1101 2231 Sic
1125 2195 1244 2253 quae
1267 2170 1410 2230 olim
1433 2219 1449 2244 ,
1482 2172 1625 2234 dum

338 2258 610 2341 vigebant
634 2279 776 2318 artes
796 2259 1068 2316 Romanae
1087 2305 1100 2328 ,
1125 2256 1196 2315 ad
1220 2254 1621 2316 debellandam

336 2341 556 2423 suisque
613 2342 783 2401 armis
843 2341 1185 2400 vincendam
1245 2341 1623 2401 Germaniam

336 2425 566 2488 fuissent
601 2426 820 2506 quaefita
847 2471 864 2496 ,
911 2423 1059 2483 ultro
1093 2424 1281 2484 oblata
1317 2445 1438 2483 tum
1469 2423 1621 2507 sper-

335 2510 613 2572 nebantur
653 2534 783 2571 cum
816 2508 934 2593 pari
969 2507 1283 2593 reipublicae
1313 2508 1520 2592 probro
1552 2533 1621 2582 ao

336 2595 702 2662 detrimenta
