1672 3174
267 163 390 225 422
548 149 1291 217 INAPPENnxch.

52 273 249 312 ἓ
273 248 324 299 fit
345 253 604 316 repetitum.
644 251 888 316 Quantum
913 268 1066 302 autem
1093 253 1146 303 e&
1168 255 1427 304 imitatione
1447 266 1563 320 pron*

55 332 108 376 A,
127 334 179 372 [J.
200 333 252 373 c.
276 317 467 367 fecerint
499 317 660 369 summi
685 321 886 385 pictores
911 320 1123 387 Raphael
1144 321 1349 371 Urbinas
1366 361 1379 382 ,
1410 320 1562 374 Julius

100 406 211 449 861.

94 481 211 522 J.(L

96 553 213 602 ⁴108.

277 385 517 435 Romanus
538 425 550 446 ,
587 385 796 438 Joannes
825 386 1090 438 Franciscus
1120 388 1407 458 Polydori-15⁴,
1441 387 1564 437 Hie-

277 471 501 520 ronymus
537 452 775 503 Mutianus
797 495 810 516 ‚
842 455 1070 505 Nicolaus
1104 455 1291 505 Pouffin
1311 496 1326 518 ‚
1366 455 1566 505 Carolus

274 522 319 570 le
348 522 475 569 Brun
510 558 524 582 ‚
576 520 683 569 cum
728 522 1024 574 Constantini
1063 524 1270 592 Magni,
1309 523 1569 572 Alexandri·

271 588 443 654 Magni
465 602 479 650 3
513 587 715 657 aliasque
743 589 1012 658 Principum
1034 593 1248 640 vietorias
1279 588 1532 657 expressere
1550 628 1565 650 ,

273 654 460 705 curiofis
496 656 711 705 omnibus
748 660 913 707 artium
953 659 1232 708 amatoribus
1272 673 1566 723 compertum

274 725 354 773 est.
392 721 560 771 Praeter
590 741 735 792 equos
765 732 807 773 &
842 727 1208 794 quamplurimas
1231 726 1342 775 alias
1363 724 1566 791 figuras,

270 793 323 843 in
347 788 435 839 hac
461 791 680 840 columna
711 811 952 843 numerare
990 796 1052 842 est
1088 794 1302 843 homines
1334 792 1401 840 bis
1439 791 1568 839 mille

273 865 320 907 &
355 861 655 926 quingentos.
721 858 906 927 Figurae
945 863 1045 910 altae
1081 860 1181 910 sunt
1215 863 1392 910 circiter
1422 858 1567 924 pedes

273 926 409 991 binos
439 965 452 986 ‚
486 924 629 974 modo
664 928 825 992 paullo
863 929 966 994 plus
989 969 1001 990 ,
1045 927 1188 978 modo
1213 928 1372 995 paullo
1397 927 1567 974 minus.

274 992 384 1043 Nec
421 991 661 1054 crescunt,
695 1012 835 1060 prout
873 996 1095 1045 excelsior
1134 997 1196 1044 est
1232 997 1485 1054 columna,
1522 1007 1572 1041 ut

275 1062 425 1110 voluit
459 1060 740 1110 Ciacconius
767 1082 777 1110 ε
811 1061 886 1111 sed
907 1063 1109 1127 ejusdem
1130 1062 1230 1113 sunt
1252 1061 1500 1112 altitudinis
1522 1062 1574 1108 in

273 1126 438 1183 infima
487 1128 733 1195 mediaque
789 1131 1017 1179 columnae
1067 1147 1214 1197 parte.
1285 1127 1570 1178 Observatur

277 1194 458 1244 tantum
477 1197 526 1243 in
550 1194 760 1262 suprema
791 1214 921 1262 parte
943 1238 955 1259 ‚
991 1215 1091 1265 quae
1121 1198 1337 1264 capitello
1371 1193 1573 1258 subjacet

277 1262 450 1330 figuras
484 1261 572 1310 effe
599 1267 889 1329 proceriores
920 1266 1058 1314 tribus
1090 1281 1347 1333 quatuorve
1374 1264 1539 1311 unciis.

344 1330 588 1378 Diameter
619 1331 818 1396 capitelli
842 1335 904 1381 est
925 1332 1100 1400 pedum
1129 1351 1186 1392 14
1205 1335 1248 1398 Ti·
1287 1331 1451 1397 Apicis
1472 1328 1576 1378 dia-

275 1413 425 1447 meter
457 1398 519 1444 est
550 1398 724 1463 pedum
750 1417 778 1455 9
801 1402 843 1462 ὲ.

345 1465 490 1531 Apici
534 1465 749 1531 impolita
790 1483 885 1516 erat
924 1464 1124 1516 coloffea
1159 1464 1357 1528 Trajani
1397 1464 1581 1523 statua.

279 1533 377 1597 iarn
427 1530 600 1580 dudum
651 1534 820 1596 injuria
864 1551 1128 1600 temporum
1178 1532 1457 1581 disturbata:
1503 1529 1581 1579 secl

278 1616 516 1666 repertum
568 1599 625 1648 ad
674 1603 904 1651 columnae
952 1601 1121 1668 pedem
1172 1599 1372 1661 Traiani
1425 1613 1582 1664 caput.

279 1666 433 1732 Quod
465 1665 571 1715 cum
606 1685 633 1716 a
668 1671 835 1718 vertice
868 1669 926 1718 ad
963 1686 1172 1718 mentum
1211 1668 1399 1716 haberet
1438 1665 1580 1732 pedes

285 1738 403 1797 2{,
452 1735 644 1783 statuam
689 1739 831 1785 altam
875 1735 1004 1785 fuiffe
1046 1736 1186 1801 pedes
1238 1751 1337 1783 XXI
1384 1732 1578 1782 credidit

282 1803 487 1850 eruditus
507 1802 788 1850 Ciacconius
808 1823 818 1850 ε
847 1821 949 1851 eam
976 1820 1147 1866 nempe
1171 1803 1362 1848 statuam
1380 1816 1465 1866 per
1490 1816 1583 1845 no-

281 1886 390 1917 vem
415 1870 569 1934 capita
599 1869 885 1917 metiebatur.
935 1869 998 1917 At
1024 1868 1131 1916 cum
1166 1869 1365 1933 antiquae
1390 1872 1435 1912 &
1458 1882 1580 1930 prae-

282 1935 557 1984 stantiffimae
582 1936 734 1983 statuae
757 1937 979 1998 juvenum
1000 1934 1199 1982 habeant
1223 1931 1402 1982 tantum
1426 1933 1580 1997 capita

280 2021 312 2062 7
334 2006 401 2066 ξς
436 2002 684 2050 hominum
727 2001 1018 2071 heroumque
1039 2041 1050 2062 ‚
1089 2003 1242 2067 capita
1286 2004 1310 2048 8
1336 2040 1348 2062 ,
1385 1997 1582 2060 Traiani

283 2073 481 2120 statuam
516 2072 658 2117 altam
692 2068 821 2119 fuisse
855 2071 996 2138 pedes
1031 2084 1182 2118 XVIII
1209 2066 1336 2118 recte
1379 2065 1587 2116 definivit

277 2138 487 2188 eruditus
524 2137 713 2186 Bellori.
1092 2142 1097 2149 '

352 2206 561 2255 Statuam
583 2205 713 2253 illam
746 2202 897 2252 adhuc
927 2202 1080 2253 videre
1115 2205 1177 2252 est
1209 2205 1258 2253 in
1290 2203 1492 2252 nummis
1524 2216 1583 2249 ex

283 2290 375 2324 aere
411 2289 588 2338 magno
609 2311 621 2331 ,
658 2289 772 2320 IMP.
794 2287 933 2320 cAEs-
959 2288 1079 2320 NER.
1101 2287 1346 2320 TRAIANO
1370 2283 1579 2318 OPTIMO

287 2356 419 2390 AVG.
442 2355 563 2387 GER.
585 2355 701 2387 ΒΑΕ.
727 2355 770 2386 Ρ.
792 2356 850 2386 Μ.
874 2354 961 2387 TR.
989 2355 1031 2386 P.
1058 2355 1166 2387 cos.
1195 2355 1273 2386 VI.
1299 2355 1343 2386 P.
1367 2353 1409 2385 P.
1441 2349 1582 2400 caput

285 2401 485 2471 Traiani
515 2407 782 2454 laureatum.
828 2405 882 2452 In
924 2405 1110 2454 adversa
1149 2421 1310 2470 parte,
1348 2415 1581 2453 SENATVS

286 2490 639 2531 1²01>vastss
664 2488 939 2522 ROMANVS.
956 2473 1218 2531 Columna,
1238 2475 1284 2520 in
1303 2472 1429 2532 cujus
1451 2471 1583 2534 apice

286 2542 488 2603 Trajani
519 2543 675 2589 statua.
722 2540 877 2604 Hujus
906 2542 1134 2589 columnae
1163 2541 1268 2587 loco
1294 2579 1307 2596 ,
1342 2538 1495 2586 Sixtus
1533 2531 1582 2584 V

288 2608 507 2666 Pontifex
547 2611 775 2658 maximus
814 2609 1009 2659 statuam
1049 2608 1170 2657 beati
1206 2606 1328 2657 Petri
1364 2600 1587 2667 Apostoli.
