1699 3184
236 170 772 215 msronrARuM
827 151 1068 213 NoTAE.
1183 175 1300 228 297

82 250 368 319 'Ostenravin
386 252 634 319 Eleganter
655 249 842 298 dietum.
857 248 991 300 Titus
1010 253 1134 299 enim
1154 289 1166 311 ,
1194 251 1302 300 cum

20 333 60 366 -a
85 318 331 382 Spinarum
352 321 469 368 valle
490 357 503 379 ,
534 321 596 366 uti
632 318 825 365 diximus
856 315 988 383 supra
1014 336 1117 383 cap.
1147 336 1164 365 1
1189 354 1204 373 ,
1242 319 1302 367 ad

21 383 266 448 'Scopum,
302 387 366 433 ita
402 386 716 449 appellatum,
751 379 878 449 quod
913 384 1022 433 inde
1055 387 1105 433 in
1143 384 1304 433 urbem

29 450 348 517 templumque
372 489 384 510 ‚
420 452 806 514 Septemtrionem
840 449 991 498 versus
1008 489 1022 511 ,
1054 466 1148 499 erat
1166 449 1304 516 pros-

21 516 188 580 2pe6'cus
215 556 230 577 ‚
273 518 413 564 castra
445 512 769 580 promovisset,
802 515 1010 579 legiones
1048 519 1304 566 ostentavit.

21 575 160 629 *Tum
205 581 262 629 ab
304 579 644 648 Hierosolymis
685 579 875 627 distabat
914 581 1090 631 tantum
1132 582 1306 649 septem

21 646 193 696 stadiis.
230 647 407 710 Quinta
427 649 550 713 legio
573 643 812 693 retrorsum
840 648 974 697 tribus
995 649 1142 697 stadiis
1165 651 1304 700 castra

21 714 208 761 emunire
239 711 352 775 jussa
374 730 387 761 :
418 712 596 760 decima
615 727 766 760 autem
793 711 919 776 legio
949 716 1072 776 juxta
1097 732 1308 765 montem

17 776 259 828 *Olearum
280 818 293 840 ,
327 778 572 828 Orientem
602 776 755 826 versus
775 815 786 836 ‚
827 778 899 826 sex
933 781 989 828 ab
1016 780 1124 828 urbe
1156 783 1308 831 stadiis

21 847 173 894 <castra
190 861 360 895 metata
378 846 439 894 est
451 884 466 908 ‚
491 844 681 911 Joseph.
702 844 816 893 Bell.
830 843 859 897 J
865 846 937 894 ud.
950 846 1014 908 V,
1032 866 1055 894 2
1076 885 1090 908 ,
1113 866 1240 895 num.
1261 866 1305 912 3..

96 974 222 1026 CAP.
249 974 338 1025 XI.
372 974 599 1042 Ambigue}
630 976 836 1026 certavit.
868 976 985 1027 Haec
1009 977 1307 1027 autmodeste

30 1039 254 1102 Tacitus,
293 1059 369 1091 aut
408 1045 628 1105 jafianter
661 1042 888 1109 Josephus
911 1083 924 1105 ,
947 1048 1040 1111 qui
1076 1051 1121 1092 &
1164 1043 1309 1093 ferme

33 1108 296 1173 oppressum
312 1109 474 1157 Titum
494 1148 506 1170 ‚
542 1116 586 1158 ὃς
608 1113 758 1158 castris
778 1108 862 1158 suis
887 1111 1062 1176 pulsam
1079 1111 1309 1159 decimam

34 1174 268 1240 legionem
308 1191 567 1238 memorat,
608 1175 796 1243 Joseph.
836 1177 954 1225 Bell.
988 1177 1096 1235 Jud.
1132 1176 1211 1239 V,
1247 1196 1271 1225 2
1297 1215 1311 1239 ‚

22 1258 161 1288 ¹mum.
182 1261 205 1290 2
227 1280 239 1302 ‚
265 1260 295 1300 4
320 1247 364 1289 &
394 1257 435 1302 5.

101 1306 181 1355 Ad
209 1306 557 1374 oppugnandum
585 1306 714 1375 verfi.
737 1307 876 1356 Tunc
899 1306 1032 1355 Titus
1055 1309 1196 1357 castra
1218 1326 1310 1374 po-

27 1372 116 1423 ‹suit
150 1373 206 1422 ad
241 1378 396 1422 turrim
422 1365 699 1438 Psephinam
720 1413 733 1435 ‚
769 1391 893 1422 nunc
919 1372 1068 1440 Castel
1100 1375 1309 1439 Pisano,

69 1458 135 1488 uae
169 1457 262 1489 erat
290 1443 339 1488 in
371 1442 544 1506 angulo
575 1440 633 1487 ad
664 1441 1054 1505 Septemtrionem
1088 1446 1132 1488 ὃ(
1160 1440 1309 1490 Occi-

27 1457 221 1555 flentem
240 1546 252 1567 ‚
289 1505 478 1572 Joseph.
509 1506 624 1553 Bell.
655 1506 763 1559 Jud.
783 1507 847 1568 V,
873 1526 932 1566 4,
967 1523 1096 1554 num.
1120 1523 1160 1568 3.

101 1571 238 1621 Duos
272 1572 421 1621 colles.
453 1574 565 1620 Duo
593 1573 657 1619 illi
684 1576 903 1638 praecipui
935 1573 1076 1620 colles
1100 1571 1309 1637 Josepho

37 1656 226 1706 quoque
246 1641 486 1686 memorati
506 1636 604 1686 sunt
621 1674 636 1697 ,
669 1640 794 1687 Aera
816 1638 873 1686 ad
895 1639 1282 1703 Septemtrionem
1296 1678 1311 1700 ‚

38 1712 84 1752 &
116 1704 231 1753 Sion
266 1704 324 1754 ad
352 1705 611 1753 Meridiem.
664 1705 720 1752 In
762 1706 881 1753 colle
917 1705 1041 1753 Aera
1082 1722 1177 1754 erat
1208 1705 1314 1752 urbs

39 1769 253 1832 inferior,
292 1773 363 1819 cui
387 1773 488 1819 urbs
519 1788 640 1818 nova
658 1773 707 1818 in
741 1773 858 1819 colle
883 1770 1071 1820 Besetha
1099 1772 1318 1836 Septem-

39 1838 238 1886 trionem
270 1836 424 1886 versus
457 1837 601 1886 fuerat
632 1836 818 1899 addita3
851 1840 900 1886 in
933 1839 1052 1887 colle
1079 1838 1193 1886 Sion
1215 1839 1319 1886 urbs

39 1902 242 1968 superior
261 1942 273 1963 ,
309 1902 536 1970 ‚Iosephus
557 1941 571 1964 ,
613 1903 728 1951 Bell.
762 1904 869 1957 Jud.
896 1904 959 1966 V,
995 1923 1023 1963 4
1043 1943 1060 1965 ,
1088 1922 1216 1953 num.
1251 1922 1269 1952 1
1298 1922 1320 1965 ,-

44 1976 90 2017 &
109 1968 156 2019 V
177 2008 190 2029 ‚
214 1978 241 2017 6
266 2008 278 2028 ,
315 1987 441 2016 num.
472 1975 514 2017 8.

106 2033 199 2083 Per
220 2051 361 2084 artem
378 2034 558 2100 obliqui.
578 2037 740 2084 Artem
755 2075 769 2097 ‚
788 2031 982 2100 artisque
1004 2032 1156 2084 causas
1182 2035 1319 2083 docet

33 2100 268 2167 *Vegetius
297 2101 383 2163 IV,
425 2121 468 2149 2.
518 2100 750 2151 Ambitum
774 2100 887 2149 muri
909 2099 1122 2150 direffium
1145 2117 1324 2150 veteres

34 2165 209 2216 ›zducere
237 2166 478 2217 noluerunt
499 2207 514 2230 ‚
550 2185 608 2217 ne
637 2168 698 2216 ad
728 2166 839 2216 iaus
872 2165 1062 2216 arietum
1097 2168 1195 2236 effet
1229 2166 1326 2231 dis-

34 2231 244 2300 rpofitus,
273 2232 362 2298 sed
377 2231 575 2300 finuqfis
609 2231 893 2298 anfracfiibus
920 2270 936 2291 ,
970 2231 1111 2296 jafiis
1135 2233 1327 2298 funda—

36 2300 209 2352 unentz's
232 2340 247 2362 ‚
286 2298 480 2365 clausere
517 2299 648 2350 urbes
670 2339 685 2362 ‚
726 2297 1047 2363 crebriorefique
1083 2315 1232 2349 turres
1275 2299 1326 2347 in

36 2363 153 2431 ipsis
192 2365 376 2432 angulis
414 2364 654 2416 ediderunt
688 2380 928 2428 propterea
956 2386 971 2412 :
1009 2364 1114 2429 quia
1143 2365 1193 2431 fi
1230 2364 1330 2429 quis

38 2429 112 2480 „ad
146 2449 317 2480 murum
349 2431 434 2482 tali
457 2432 752 2482 'ordinacione
775 2429 1062 2496 construc‘lum
1085 2431 1327 2496 velscczlas

40 2495 126 2548 arel
163 2496 397 2547 machinas
437 2497 632 2548 voluerit
677 2497 949 2555 admovere,
986 2513 1076 2544 non
1109 2497 1258 2561 solum
1301 2511 1333 2545 a

42 2560 203 2626 *fronte
220 2605 235 2627 ‚
255 2562 340 2628 sed
370 2564 509 2614 etiam
533 2583 560 2612 a
581 2564 795 2614 lateribus
821 2601 837 2622 ,
877 2561 925 2611 Er
951 2565 1088 2623 prope*
1115 2578 1143 2611 α
1169 2578 1326 2630 tergo,

56 2627 195 2683 velun·
229 2630 279 2683 in
293 2629 450 2701 finum
486 2630 835 2700 circumclusm,
872 2627 1150 2743 Opprinlxllmr·

1109 2714 1137 2747 v
