1672 3174
183 163 861 203 CHRONorootcAM
907 141 1145 201 Nom.
1247 164 1356 219 393

83 242 206 307 tuiff&
220 281 238 302 ,
266 259 315 291 ut
326 243 454 305 pueri
477 242 606 307 usque
627 240 689 290 ad
710 240 930 291 decimum
948 240 1147 290 οὸἱανιινη
1165 279 1178 301 ,
1197 241 1362 302 puelssae

83 308 213 371 ufilue
243 309 303 356 ad
329 307 758 364 quartumdecimum
784 308 987 358 alantur.
1030 306 1094 357 Et
1124 306 1361 370 hancfor—
1385 339 1433 378 A·
1454 338 1505 375 U.
1526 336 1588 374 (f.

80 390 198 421 mam
232 373 287 422 ab
319 371 560 421 Hadriano
587 373 740 422 datam
765 373 1083 438 observandam
1105 373 1357 436 Imperator

81 438 224 505 noster
260 445 283 501 (
303 439 566 488 Alexander
595 440 786 487 Severus
808 441 824 506 )
857 439 1019 505 rescrip
1042 440 1093 490 it.

146 505 263 553 Sunt
284 503 401 554 forte
430 508 506 572 qui
532 507 753 554 mirentur
779 522 870 555 tam
897 525 1046 572 pauca
1076 505 1356 570 aTrajano,

78 571 386 619 liberalissimo
405 572 620 638 Principe
639 610 652 632 ‚
689 573 904 638 inopibus
921 573 1183 624 Veleiatum
1205 577 1358 638 pueris

80 637 209 685 fuisse
245 637 363 686 data.
415 639 479 687 At
513 640 545 686 ii
587 656 683 685 non
725 639 962 687 attendunt
1002 640 1098 687 haec
1134 640 1238 688 data
1273 639 1362 688 effe

82 706 133 752 in
167 705 386 753 alimenta
411 745 423 766 ‚
454 723 552 753 non
584 708 692 752 vero
724 707 773 752 in
800 706 1006 753 vestitum
1038 704 1236 772 aliasque
1263 708 1364 756 vitae

83 771 462 834 commoditate33
485 789 511 818 a
533 771 878 835 prudentisiimo
891 771 1107 837 Principe
1127 772 1214 822 else
1232 772 1335 822 data
1349 812 1363 834 ,

120 838 164 884 ui
193 836 337 886 noffet
364 841 412 885 in
435 840 646 886 maximis
673 837 1107 905 opulentiffimisque
1132 841 1358 903 imperiis,

81 853 267 968 §iopes
310 905 540 971 aequaliter
578 907 791 952 omnibus
833 905 1091 953 dividantur
1116 943 1129 964 ,
1173 904 1360 971 lingulis

79 972 381 1036 perexiguam
411 973 682 1038 contingere
712 989 857 1038 opum
893 973 1174 1037 portionem.
1217 971 1274 1020 Et
1301 989 1362 1019 ne

81 1050 160 1083 aut
197 1054 381 1095 vetera,
428 1054 504 1086 aut
541 1055 726 1086 externa
754 1077 766 1097 ‚
806 1056 1061 1087 memorem
1102 1040 1314 1103 exempla
1349 1077 1364 1098 ,

83 1104 185 1168 quis
218 1104 405 1169 ignorat
436 1107 488 1152 iu
527 1106 679 1152 nostra
724 1104 880 1154 Gallia
904 1142 916 1166 ,
959 1105 1073 1154 terra
1112 1120 1177 1153 tot
1214 1122 1363 1169 opum

81 1168 322 1230 faecunda,
354 1170 385 1217 fi
422 1188 578 1219 annua
609 1189 755 1236 opum
791 1170 967 1220 summa
986 1210 999 1232 ‚
1034 1189 1134 1238 quae
1159 1169 1364 1220 consulte

81 1235 322 1284 aestimatur
353 1235 546 1285 Gallicae
574 1254 771 1285 monetae
803 1238 926 1286 libris
951 1253 1327 1300 z,400,000‚000
1352 1276 1366 1298 ‚

81 1303 132 1350 in
154 1300 331 1370 singula
361 1306 511 1370 capita
534 1306 765 1372 aequaliter
796 1304 1020 1353 dividatur
1038 1344 1050 1365 ‚
1084 1306 1157 1351 vix
1176 1303 1364 1371 lingulis

84 1368 335 1436 obtingunt
357 1372 406 1417 in
427 1370 490 1417 fin
530 1374 626 1419 ulos
648 1371 742 1418 dies
773 1370 883 1419 asses
908 1372 1008 1437 6{,
1037 1369 1112 1418 seu
1142 1387 1188 1419 ut
1222 1369 1365 1436 vulgo

83 1435 321 1502 loquimur
354 1434 463 1484 asses
493 1388 587 1484 {ni
623 1455 728 1485 cum
762 1439 944 1485 ostonis
974 1437 1184 1485 denariis.
1228 1437 1364 1485 Adeo

86 1514 239 1552 tamen
261 1503 385 1552 curta
405 1502 586 1551 fortuna
613 1506 774 1552 vivitur
793 1540 808 1564 ‚
850 1504 1027 1552 vestitus
1050 1504 1367 1569 habitatioque

85 1586 307 1636 parantur
334 1609 346 1631 ,
391 1570 609 1618 tributum
650 1568 863 1630 solvitur,
915 1572 1015 1618 vitae
1043 1569 1370 1618 necessitatibus

88 1653 228 1704 atque
266 1640 404 1686 etiam
439 1637 745 1703 voluptatibus
781 1637 1060 1704 indulgetur.
1107 1635 1165 1685 Et
1193 1639 1369 1704 quanto

86 1705 243 1768 plures
287 1702 387 1752 sunt
413 1743 424 1765 ,
468 1706 546 1771 qui
593 1701 791 1768 amplitis
835 1705 975 1770 quam
1014 1702 1123 1751 asses
1164 1705 1245 1769 6}
1287 1720 1371 1769 per

89 1768 293 1835 fingulos
312 1771 405 1818 dies
425 1770 729 1835 impendunt,
758 1769 884 1818 tanto
909 1770 1063 1836 plures
1083 1767 1183 1817 sunt
1205 1807 1218 1828 ‚
1251 1787 1372 1835 quo-

89 1853 192 1883 rum
217 1839 371 1901 portio
399 1838 616 1884 minuitur
631 1855 645 1898 3
663 1839 724 1885 ita
743 1853 790 1884 ut
808 1854 913 1901 pars
932 1854 1106 1902 magna
1124 1834 1374 1884 Gallorum

91 1904 227 1950 ternis
248 1902 454 1967 binisque
475 1902 632 1948 astibus
652 1905 701 1949 in
722 1903 926 1967 singulos
948 1903 1041 1949 dies
1062 1905 1199 1949 vivat.
1235 1902 1374 1950 Adde

91 1969 143 2016 in
165 1968 292 2015 Italia
314 1969 565 2014 maximam
588 1965 673 2013 effe
698 1985 847 2014 rerum
865 2005 877 2025 ,
911 1967 1072 2032 quibus
1092 1971 1184 2014 vita
1210 1965 1379 2015 susten-

90 2049 209 2082 tatur
228 2073 243 2095 ,
277 2035 478 2099 copiam.
516 2031 772 2099 Hodieque
798 2031 1034 2097 Neapoli,
1071 2035 1118 2080 in
1141 2032 1251 2081 urbe
1275 2051 1377 2081 am-

90 2099 286 2166 pliffima
310 2139 322 2161 ‚
357 2097 514 2147 artifex
540 2098 704 2164 aliquis
728 2137 740 2159 ‚
771 2099 866 2158 ejus
896 2116 1011 2147 uxor
1032 2137 1046 2159 ‚
1086 2114 1377 2166 quatuorque

92 2166 266 2227 liberi,
314 2165 447 2214 facile
487 2164 770 2232 honesteque
810 2167 1003 2226 vivunt,
1046 2170 1091 2212 &
1135 2182 1288 2214 tamen
1327 2169 1378 2215 in

94 2233 296 2300 fingulos
342 2229 514 2280 menses
559 2232 632 2279 vix
673 2231 951 2296 impendunt
998 2247 1245 2299 quaternos
1275 2273 1287 2295 ‚
1330 2249 1379 2281 ut

1421 413 1531 464 856.

1419 494 1456 532 J.
1487 493 1537 532 C.

1440 576 1547 624 103.

95 2301 380 2366 loquuntur,
416 2298 636 2358 ducatos,
673 2295 866 2346 Gallicae
897 2314 1095 2346 monetae
1128 2299 1264 2347 libras
1306 2318 1384 2357 17.
1434 2327 1442 2331 a

95 2365 221 2416 Vide
251 2366 326 2415 Cl.
348 2365 403 2413 de
430 2367 474 2413 la
494 2364 681 2424 Laude,
723 2363 912 2433 Voyage
940 2363 1046 2413 d'un
1072 2362 1297 2429 Franfois
1326 2383 1384 2414 etz

96 2430 235 2481 Italie
255 2472 270 2494 ‚
301 2449 404 2497 cap.
432 2450 513 2492 19,
543 2430 686 2478 Tom.
708 2430 808 2491 VI,
841 2448 951 2497 pag.
975 2449 1084 2494 391.
1125 2430 1384 2480 Consultis-

97 2498 233 2547 fimus
266 2516 379 2565 ergo
412 2504 456 2545 ὃς
481 2497 849 2562 prudentissimus
885 2496 967 2545 fuit
991 2496 1224 2559 Trajanus
1246 2538 1261 2559 ‚
1300 2501 1382 2565 qui

99 2565 232 2613 binos
260 2567 435 2614 circiter
456 2563 564 2612 affes
601 2566 650 2611 in
679 2565 894 2617 alimenta
929 2565 1090 2632 egenis
1114 2563 1383 2616 Veleiatum

102 2634 252 2698 puetis
282 2630 695 2682 subministraverit.
1099 2694 1140 2747 R

1182 2715 1210 2744 v
