1720 3184
363 137 1035 210 TRAJANus:
1229 151 1345 226 153³

2 166 5 196 l

0 226 5 316 Ξἰ
62 250 445 335 «exploratores
487 247 635 308 misit
658 294 676 320 ,
717 247 818 328 qui
855 245 1099 305 hostium
1137 244 1557 328 pofitusz-a

0 331 5 404 ἱ
72 335 326 416 viresque
348 334 735 394 scrutarentur.
777 333 999 390 Horum
1027 329 1140 389 duo
1168 330 1345 390 inter-
1360 326 1409 365 A.
1428 325 1478 362 U·
1499 322 1557 365 (λ’

0 412 4 485 ἐ
76 419 222 500 cepti
243 464 260 490 ‚
307 427 364 479 ὃς
396 417 469 476 ad
491 417 802 496 Trajanum
828 413 1094 485 adducti,
1131 412 1230 472 ubi
1264 414 1346 473 sui
1398 395 1523 510 3853

0 493 5 570 ᾗ
71 501 357 561 latitarent
379 501 581 559 docere
611 497 788 556 coacti
812 496 956 557 sunt.
997 497 1348 558 penetranda
1411 552 1493 587 101
1518 552 1520 555 .

71 605 192 645 erat
219 583 350 644 filva
378 609 392 642 ε
435 606 507 643 ne
541 580 906 641 incedentem
936 580 1184 641 militem
1217 606 1348 641 mo·
1500 568 1523 595 ²

0 662 5 727 ἐ
70 688 285 728 [aretur
308 715 326 740 ,
363 687 456 727 aut
480 684 829 750 pugnantem
851 664 1157 747 impediret
1180 665 1356 726 excisa

0 750 4 796 ὖ
70 753 167 812 est.
212 753 370 810 Tum
408 751 663 833 legiones
694 749 754 806 in
794 748 1011 807 hostem
1049 748 1241 809 duc‘tae.
1287 753 1377 812 In-

0 798 5 903 i
73 833 370 918 conspe&u
393 836 590 894 stetere
617 832 759 892 acies
786 857 799 890 ε
830 834 1094 891 Romana
1115 879 1132 904 ,
1162 855 1352 914 aperto

0 1004 4 1042 ι

0 909 3 929 ’
72 920 136 978 in
164 942 362 1002 campo
386 966 403 991 ‚
443 916 617 977 solitis
654 915 822 975 armis
847 963 865 989 ,
909 924 968 976 δε
1003 913 1352 998 fulgentibus

0 1045 4 1079 ς
71 1002 274 1082 aquilis
308 1001 537 1084 infignis
568 1026 581 1059 :
626 1001 808 1059 hostes
831 1047 848 1072 ‚
889 997 1031 1058 saltu
1085 998 1299 1060 defensi
1333 1023 1355 1077 ,’

0 1082 5 1124 ἵ
73 1085 276 1169 gladiis
300 1134 317 1158 ‚
349 1085 576 1145 sudibus
598 1132 615 1158 ,
648 1082 970 1166 sagittisque
994 1085 1233 1158 armati,
1261 1085 1353 1147 sua

2 1189 5 1230 ἶ
69 1171 219 1230 inter
256 1170 457 1229 vexilla
491 1168 740 1231 ferarum
781 1168 1026 1226 monstra
1061 1170 1349 1250 gestantes„

0 1262 6 1320 ἑ
68 1254 247 1313 Gravi
266 1254 465 1337 proelio
488 1254 824 1326 dimicatum
847 1253 937 1310 est.
953 1253 1351 1313 Romanorum

0 1340 6 1398 i
69 1338 352 1420 impetum
369 1339 622 1420 equitatu
637 1337 895 1418 adjutum
914 1359 1031 1395 non
1050 1335 1351 1398 sustinuere

1 1425 7 1483 i
72 1422 222 1484 Daci
249 1445 266 1500 3
312 1421 619 1505 ingensque
649 1423 847 1502 strages
875 1420 1041 1480 edita.
1100 1423 1353 1503 Trajano

0 1530 7 1585 ξ
71 1506 240 1566 allata
261 1505 388 1565 caesa
409 1506 620 1566 ducum
644 1505 839 1588 capita.
875 1507 926 1563 Is
956 1526 1164 1565 terrore
1191 1526 1350 1565 uten=

0 1590 7 1650 ξ’
76 1590 216 1650 dum
240 1612 385 1649 ratus
409 1638 424 1662 ‚
467 1590 711 1649 hostium
739 1588 916 1669 capita
941 1589 1120 1647 contis
1145 1590 1358 1672 praefigi

0 1741 6 1754 ¹
77 1674 392 1757 exponique
408 1674 586 1754 juflit3
606 1695 916 1753 eorumque
933 1674 1099 1731 castra
1110 1674 1356 1734 flammis

2 1764 4 1827 f
77 1757 305 1818 aboleri.
354 1761 511 1817 Tum
536 1758 744 1817 milites
768 1756 1041 1818 concione
1066 1756 1316 1817 laudavit
1337 1805 1357 1831 ,

76 1850 137 1902 &
173 1862 233 1900 ut
271 1838 510 1902 feliciter
555 1863 735 1924 coepta
782 1841 1171 1924 grandioribus
1217 1840 1355 1904 aufis

77 1947 477 2009 promoverent
509 1927 833 1985 adhortatus
868 1927 958 1985 est.

167 2011 453 2068 BARssAm
481 2056 498 2080 ,
545 2007 638 2067 sua
689 2008 845 2067 clade
900 2008 1079 2067 territi
1105 2055 1122 2080 ‚
1170 2010 1356 2069 statim

0 2117 2 2127 ’
80 2092 389 2172 Trajanum
414 2092 601 2152 adiere
626 2140 643 2164 ,
688 2115 883 2175 pacem
912 2112 1150 2151 orantes,
1203 2092 1282 2151 At
1311 2094 1356 2152 is

80 2196 260 2234 certus
306 2178 517 2256 quanto
562 2199 710 2234 nunc
762 2174 1104 2234 demiffiores
1136 2221 1153 2247 ,
1203 2177 1362 2235 tanto

80 2257 380 2319 ferociores
404 2258 525 2320 fore
550 2308 566 2332 ,
590 2261 649 2318 ni
673 2259 926 2342 graviore
949 2258 1102 2319 bello
1126 2259 1361 2319 muffia-

0 2350 1 2354 ’
83 2364 274 2401 rentur
297 2392 313 2415 ,
352 2367 445 2403 eos
469 2345 666 2404 acriter
691 2344 967 2426 increpuit
991 2391 1007 2416 ,
1048 2343 1361 2423 veterisque

84 2427 324 2507 perfidiae
349 2428 647 2488 admonuit
670 2453 682 2485 z
723 2456 754 2478 cc
770 2428 965 2487 instare
992 2425 1210 2508 semper
1240 2426 1360 2485 sce-⁵

85 2508 231 2568 :oleri
275 2535 497 2592 poenas:
533 2511 611 2570 sat
651 2535 860 2591 magno
902 2511 1168 2592 sanguine
1217 2509 1362 2570 illudv

83 2594 386 2654 mondum
411 2594 569 2658 fuisse
598 2597 898 2678 expiatum.
940 2595 1154 2654 Scirent
1183 2616 1362 2676 popu-3
1418 2636 1421 2639 -
