1672 3174
332 156 448 225 ‚293
561 152 639 209 IN
687 151 985 209 LrssntJM
1031 168 1397 220 QUINTUM‘

402 248 468 299 Et
509 264 674 300 turres,
725 247 900 295 Turres
937 246 1037 295 illas
1084 246 1271 314 egregie
1318 243 1618 297 commendat

341 315 594 383 josephus,
620 315 735 364 Bell.
755 313 863 366 Jud.
886 312 950 373 V,
976 332 1034 373 4,
1059 333 1190 362 num.
1213 333 1232 379 3
1259 353 1271 375 ,
1305 312 1467 379 easque
1490 312 1615 361 fuisse

340 402 538 444 numero
559 397 743 431 centum
765 379 997 447 sexaginta
1018 397 1213 450 quatuor
1235 380 1406 447 prodit.
1438 380 1618 428 Scilicet

339 453 392 501 in
428 453 544 499 tertii
574 450 693 497 muri
713 446 900 496 ‘ambitu
933 451 1192 514 nonaginta
1211 486 1222 508 ‚
1261 465 1455 514 quarum
1477 448 1617 494 intet-

340 518 465 568 valla
509 531 638 565 erant
681 515 966 563 ducenorum
1008 516 1263 564 cubitorum
1300 533 1310 561 ε
1362 516 1411 561 in
1465 512 1618 560 medio

339 602 480 634 muro
517 582 863 652 quatuordecim
891 600 908 645 3
947 587 990 629 ὃς
1023 585 1073 632 in
1101 584 1298 649 antiquo
1326 597 1460 629 muro
1491 578 1620 629 sexa-w.

337 667 486 719 ginta.
1492 689 1496 691 ,
1607 684 1609 687 .

412 716 545 767 Intus
578 714 762 766 mornia.
812 715 936 764 Intra
974 718 1153 766 tertium
1193 731 1375 762 murum
1410 712 1498 760 alia
1529 710 1618 759 duo

340 801 474 834 erant
498 785 672 832 moenia
696 801 710 844 3
746 798 793 830 ut
819 780 961 831 modo
991 783 1163 832 dietum
1188 783 1263 830 est.
1286 778 1444 829 Fufins
1471 793 1620 826 autem

342 850 570 916 josephus
592 889 604 912 ,
638 849 754 898 Bell.
781 849 887 902 Jud.
912 850 988 911 V,
1016 870 1045 910 4
1065 883 1078 906 ,
1110 868 1239 898 num.
1262 867 1306 896 2.
1600 883 1606 887 ³

410 917 589 984 Regiae.
636 917 785 982 Regia
819 932 914 964 erat
953 917 1343 983 septemtrionem
1379 910 1623 962 Occiden-

348 999 535 1052 temque
566 982 718 1033 versiis
747 1022 760 1044 ,
802 982 923 1031 haud
962 988 1024 1032 ita
1056 985 1220 1050 procul
1256 983 1364 1030 turri
1399 977 1624 1043 Antonia.

347 1052 589 1119 Siquidem
620 1090 633 1111 ,
682 1048 787 1098 crim
824 1052 944 1116 ignis
983 1054 1141 1099 turrim
1177 1049 1438 1098 Antoniam
1477 1043 1626 1093 corri-

341 1118 509 1185 puisset
530 1157 542 1179 ,
576 1119 624 1165 in
643 1119 819 1182 regiam
839 1116 1024 1183 illapsus
1042 1121 1104 1166 est
1126 1137 1142 1181 3
1166 1134 1213 1165 ut
1244 1115 1396 1165 videre
1416 1113 1477 1161 est
1500 1108 1625 1178 apud

341 1185 600 1251 Josephum
621 1224 632 1244 ‚
669 1184 784 1232 Bell.
814 1183 922 1237 Jud.
949 1184 1014 1247 V,
1041 1204 1072 1244 4
1097 1220 1110 1243 ,
1142 1202 1271 1232 num.
1297 1201 1344 1242 4.

412 1251 549 1301 'I‘urri
556 1268 575 1299 5
587 1249 813 1300 Antonia.
827 1250 988 1300 Turris
1000 1251 1212 1300 Antonia
1227 1256 1321 1299 erat
1335 1253 1453 1298 intra
1467 1245 1626 1294 urbem
1670 1275 1672 1292 2

335 1321 393 1368 -in
434 1319 610 1385 angulo
649 1317 839 1366 duarum
879 1321 1142 1383 porticuum
1180 1317 1380 1383 templi,
1429 1331 1528 1382 quae
1564 1309 1622 1360 ad
1670 1357 1672 1372 ,

344 1385 656 1434 Occidentem
690 1391 734 1432 &
768 1385 1158 1450 Septemtrionem
1177 1379 1474 1451 'speftabann
1526 1378 1627 1427 Arx

347 1451 502 1518 potitis
527 1451 721 1501 dicenda
741 1490 754 1513 ‚
791 1451 930 1519 quam
964 1455 1110 1502 turris.
1155 1452 1210 1499 In
1243 1452 1295 1500 ea
1330 1451 1454 1498 enim
1484 1447 1628 1506 atria,

348 1520 525 1568 balneae
542 1558 556 1580 ,
581 1520 694 1568 aulae
716 1538 731 1582 3
767 1517 956 1587 ipsaque
981 1522 1030 1569 in
1055 1520 1238 1588 angulis
1258 1519 1408 1566 cineta
1428 1528 1625 1583 quatuor

346 1588 447 1635 aliis
477 1588 687 1635 turribus.
729 1585 960 1635 Eximiam
988 1587 1121 1650 hujus
1161 1587 1289 1634 turris
1319 1580 1627 1650 pulchritudi-

343 1671 454 1702 nem
487 1654 591 1702 vide
619 1653 742 1719 apud
768 1652 1029 1719 josephum
1046 1694 1058 1715 ,
1087 1655 1204 1703 Bell.
1221 1652 1331 1706 Jud.
1350 1651 1414 1711 V,
1436 1666 1566 1697 num.
1584 1650 1628 1695 8.

341 1720 420 1769 Ab
458 1719 688 1788 Hyrcano
731 1721 845 1768 olim
880 1723 1132 1782 exstruCia,
1169 1719 1332 1769 deinde
1357 1718 1412 1765 ab
1432 1712 1628 1765 Herode

339 1787 525 1853 Magno
567 1786 1013 1853 magnificentiffime
1059 1803 1279 1835 exornata
1321 1785 1404 1832 fuit
1438 1823 1450 1844 ‚
1492 1789 1535 1830 &
1575 1782 1626 1828 in

342 1852 575 1901 honorem
602 1853 672 1901 M.
686 1852 884 1900 Antonii
903 1891 915 1911 ‚
951 1856 1206 1915 triumviri,
1233 1850 1441 1901 Antonia
1462 1848 1631 1915 appel-¹

338 1920 465 1984 lata,
500 1917 692 1986 joseph.
728 1919 843 1968 Bell.
877 1919 1058 1982 Jud.1‚
1093 1939 1147 1969 21
1175 1957 1189 1981 ,
1220 1937 1350 1967 num.
1379 1935 1420 1966 1.

408 2052 533 2102 CAP.
553 2051 665 2100 XII.
702 2049 948 2112 Templum.
980 2053 1240 2119 Templum
1273 2050 1357 2099 fuit
1387 2052 1437 2098 in
1466 2062 1628 2097 monte

339 2119 496 2169 Mori&
517 2160 529 2181 ‚
567 2125 611 2166 &
641 2118 875 2168 Orientali
910 2119 1053 2168 Urbis
1083 2123 1238 2169 latere.
1283 2117 1351 2165 Ibi
1382 2131 1507 2164 nunc
1539 2113 1626 2162 ad-

340 2186 484 2254 surgit
525 2186 785 2234 Turcarum
829 2185 1051 2253 mesquita
1076 2227 1089 2249 ,
1141 2186 1187 2235 Ia
1228 2184 1440 2250 Mosquffe'
1464 2220 1480 2241 ,
1523 2181 1625 2247 post

337 2252 634 2301 Meccensem
668 2252 1086 2322 Medinensemque
1107 2293 1120 2316 ,
1159 2254 1371 2301 maximae
1396 2246 1521 2316 apud
1546 2262 1626 2296 eos

342 2320 629 2369 celebritatis.

405 2385 557 2449 Opere
575 2400 681 2435 ante
703 2384 833 2435 alios.
859 2382 1096 2434 Laborem
1117 2383 1324 2452 opusque
1345 2382 1585 2448 egregium
1605 2392 1624 2443 ‚·

334 2451 671 2521 immensasque
700 2454 750 2500 in
781 2453 836 2500 iis
866 2452 1095 2517 impensas
1126 2454 1323 2518 explicat
1357 2447 1620 2514 Josephus,

334 2520 453 2569 Bell.
485 2519 593 2575 Jud.
623 2519 688 2581 V,
726 2536 768 2577 5.
825 2519 942 2568 Satis
989 2519 1040 2569 fit
1084 2517 1307 2568 monuisse
1343 2515 1528 2568 Judaeos
1569 2516 1620 2562 in

335 2586 468 2649 hujus
507 2588 665 2653 templi
690 2587 992 2636 exstructione
1024 2585 1124 2636 usos
1156 2586 1243 2636 effe
1271 2584 1385 2634 saxis
1413 2581 1615 2651 quadra-

332 2669 481 2721 genos
507 2656 680 2707 cubitos
703 2654 887 2720 longis,
913 2656 1084 2723 quinos
1111 2655 1210 2707 altis
1231 2692 1245 2717 ‚
1276 2660 1319 2702 δε
1339 2650 1619 2701 senoslatisa
