1672 3174
240 158 788 201 HtsroniARUM
847 141 1087 200 Nom.
1198 161 1316 220 303¹

31 237 200 292 *Taciti
229 241 478 289 editionem
505 279 518 300 ‚
550 238 693 288 Tom.
714 239 782 287 III
801 278 812 300 ‚
843 256 954 306 pag.
980 247 1067 302 563
1108 245 1152 287 &
1182 241 1310 308 seqq.

47 309 126 356 ubi
162 308 254 354 dixi
284 307 340 354 de
369 324 562 355 numero
598 307 855 355 incolarum
889 308 1007 354 urbis
1034 306 1311 374 Hierosoly—

43 391 229 424 morum
246 411 258 432 ,
288 391 540 440 eorumque
561 376 639 440 qui
662 390 869 438 tempore
890 371 1112 422 Paschatis
1134 375 1182 421 in
1208 392 1313 421 eam

35 438 374 489 confluebant:
417 438 545 485 simul
580 457 767 506 quoque
795 478 806 497 ‚
846 456 960 506 quot
992 443 1040 488 in
1077 439 1314 487 obsidione

49 503 473 572 Hierosolymitana
507 519 698 571 totoque
723 506 844 553 bello
875 505 1070 558 Judaico
1098 508 1317 572 perierint

48 571 260 620 homines
286 610 299 634 ‚
332 569 548 620 recensui.

33 662 46 673 r
112 636 282 686 Plures
303 676 320 698 ,
359 642 490 703 quim
511 652 593 698 pro
617 652 813 684 numero,
857 636 994 689 Juxta
1025 656 1323 687 communem

51 705 259 770 regulam
281 743 292 763 ,
327 705 418 772 qua
443 718 603 770 quarta
624 720 728 768 pars
751 702 914 750 militat
933 741 946 763 ,
978 703 1008 751 fi
1030 703 1197 754 fuerint
1225 705 1323 752 sex-

39 787 184 820 acenta
223 772 368 819 millia
404 769 713 829 obsessorum,
753 785 936 817 centum
981 774 1321 838 quinquaginta

48 839 194 888 millia
223 836 336 886 ferte
366 855 493 885 arma
521 850 749 901 poterant.
794 835 859 884 At
876 835 936 883 ob
955 835 1202 886 fanaticum
1226 837 1318 890 Ju-

39 903 250 954 tdaeorum
270 903 471 953 furorem
486 942 498 965 ,
517 904 668 969 plures
684 941 697 964 ‚
721 903 859 968 quam
877 921 965 969 pro
985 904 1076 953 hoc
1095 920 1315 966 numero,

43 970 288 1021 audebant.

112 1035 272 1101 Major
289 1037 398 1087 vitae
418 1046 577 1086 metus,
621 1035 675 1083 ld
695 1053 838 1083 unum
858 1038 1121 1086 metuebant
1138 1054 1197 1084 ne
1216 1037 1317 1086 urbi

46 1104 318 1170 temploque
361 1102 610 1169 superstites
657 1105 876 1151 viverent.
945 1103 1068 1155 Vide
1105 1104 1313 1153 Dionem

37 1169 245 1231 LXVI,
276 1187 387 1237 pag.
410 1175 523 1229 748.
570 1168 685 1217 Inde
709 1169 939 1236 hodieque
964 1176 1006 1218 &
1031 1173 1079 1219 in
1104 1170 1203 1235 ipso
1228 1190 1314 1218 ex-

43 1237 165 1285 cidio
179 1236 208 1290 J
213 1236 345 1284 udaeis
364 1252 518 1285 manet
539 1239 905 1304 quammaximus
926 1238 1045 1287 urbis
1060 1236 1312 1291 Jerusalem

40 1320 174 1353 amor
197 1342 209 1362 ,
247 1306 590 1371 quammaxima
621 1306 869 1352 veneratio.

87 1384 90 1387 ⁴
108 1369 421 1425 Struerentur.
461 1369 702 1418 Hactenus
723 1370 940 1418 Tacitum
961 1369 1131 1419 secutus
1153 1407 1165 1429 ‚
1195 1367 1312 1426 eiusl-

45 1453 137 1503 que
161 1438 375 1501 exemplo
396 1474 409 1495 ‚
442 1435 654 1488 Judaicas
684 1454 752 1485 res
779 1437 875 1485 fuse
908 1437 1172 1501 prosecutus
1201 1434 1315 1483 sum.

45 1502 117 1551 Ut
147 1503 415 1551 coronidem
448 1503 704 1552 adtexerem
729 1542 742 1564 ‚
780 1510 823 1550 &
848 1503 1106 1552 Sinensium
1127 1502 1155 1555 J
1163 1502 1316 1549 udaeo-

41 1586 145 1618 rum
180 1585 482 1618 monumenta
505 1609 518 1630 ,
558 1570 768 1618 nondum
806 1570 924 1618 edita
945 1608 956 1629 ‚
994 1570 1276 1636 publicarem
1301 1607 1315 1629 ,

44 1635 398 1684 dissertationem
445 1634 498 1685 de
538 1633 721 1685 Judaeis
757 1634 1022 1702 Sinenfibus
1066 1640 1113 1685 in
1158 1637 1314 1702 priore

43 1702 197 1751 Taciti
233 1703 431 1751 editione
454 1743 466 1765 ,
501 1700 646 1750 Tom.
680 1702 788 1763 111,
823 1720 932 1769 pag.
973 1711 1062 1763 567
1103 1709 1147 1751 &
1187 1701 1314 1769 seqq.

44 1769 213 1816 addidi.
278 1769 420 1817 Hanc
466 1767 818 1818 dissertationem
867 1769 1053 1818 Gallico
1105 1768 1315 1817 sermone

45 1833 304 1900 scripseram
336 1853 461 1884 anno
505 1852 625 1896 1757
652 1875 663 1896 ‚
697 1843 741 1884 ὃς
775 1835 832 1884 ad
861 1835 1042 1885 Patrem
1067 1835 1313 1884 Patouillet

43 1902 282 1962 miseram,
325 1919 372 1950 ut
405 1901 609 1950 ederetur
645 1905 692 1950 in
727 1903 962 1951 volumine
1000 1919 1144 1951 XXIX
1173 1902 1274 1950 libri
1302 1940 1314 1961 ‚

43 1972 118 2017 cui
138 1969 286 2016 titulus
307 1986 317 2014 ε
343 1967 524 2016 Lettres
544 1967 781 2029 e'dificznres
803 1966 852 2016 ὓ
877 1969 1127 2031 curienflss,
1153 1968 1316 2016 e'crites

45 2033 128 2083 des
142 2034 347 2100 Miffions
365 2034 627 2099 e‘trangeres
642 2050 730 2094 par
747 2032 952 2098 quelques
975 2032 1314 2098 Miffionnairei'

46 2099 165 2150 dela
180 2101 461 2167 Compagnie
483 2100 538 2148 de
560 2098 706 2165 Jqfim.
730 2099 905 2148 Eadem
926 2140 938 2161 ,
958 2119 1031 2148 me
1048 2099 1216 2160 inscio,
1241 2106 1313 2160 &‚

0 2164 1 2169 ¹
46 2168 173 2237 quod
204 2170 371 2216 mirum
404 2170 552 2233 magis
573 2207 585 2226 ,
622 2168 714 2216 alio
741 2169 876 2215 etiam
899 2169 1095 2215 auctoris
1120 2169 1312 2214 nomine

15 2225 165 2287 Naedita
182 2236 244 2282 est
267 2252 392 2283 anno
414 2252 536 2293 ¹774
560 2237 606 2282 in
629 2234 746 2282 libro
764 2273 777 2296 ,
796 2231 979 2283 Lettres
1004 2232 1244 2297 e‘dificzmes
1261 2231 1311 2281 ἓν·

46 2302 266 2366 curieufhs
289 2341 305 2363 ,
339 2301 431 2350 vol.
469 2317 613 2349 XXXI
636 2335 648 2358 ‚
682 2318 792 2368 pag.
815 2308 911 2358 296
929 2307 973 2349 &
995 2298 1120 2367 seqq.
1156 2300 1209 2347 In
1233 2299 1312 2349 illa

37 2365 236 2416 'Gallicae
263 2386 375 2416 meae
394 2366 705 2417 dissertationis
738 2367 938 2416 editione
965 2366 1181 2432 irrepsere
1207 2382 1304 2413 tum

40 2434 93 2483 in
118 2433 356 2483 Hebraicis
379 2472 391 2492 ,
426 2450 521 2483 tum
545 2437 594 2482 in
617 2435 876 2484 Sinenfibus
905 2435 1048 2483 verbis
1084 2434 1310 2480 nonnulla

0 2554 3 2559 ,
45 2515 189 2550 errata
220 2502 557 2569 typographica
578 2540 590 2562 ,
628 2519 727 2568 quae
753 2503 890 2549 velim
915 2501 1139 2550 eruditum
1157 2500 1313 2548 lecto-

38 2581 140 2618 xem
174 2568 416 2619 emendare
449 2586 504 2618 ex
542 2568 710 2619 Latina
741 2567 894 2618 Taciti
927 2567 1143 2618 editione.
