1720 3184
143 318 195 359 A.
219 320 267 356 U⁴
290 318 341 358 C.

225 398 244 441 5

365 167 481 202 202
572 142 660 203 Α,
694 165 908 201 PENDI
933 162 968 198 x
1022 163 1210 202 cnao
1233 166 1270 200 N
1297 153 1509 204 oio&

367 242 588 326 peditus
619 262 637 314 ,·
689 240 839 300 hael'it
880 265 896 318 3
951 241 1091 321 quid
1143 264 1336 324 ageret
1387 245 1664 309 incertus-‘5

364 328 600 387 Interim
626 326 918 406 Longinus
942 373 959 398 ‚
1000 325 1238 385 adverlis
1270 351 1385 385 non
1414 326 1648 402 suffitus,

367 410 557 471 secum
586 410 878 492 reputabat
906 410 1202 491 quomodo
1232 412 1417 492 patriae
1446 411 1650 472 subve-

367 497 543 555 niret:
583 494 885 574 libertique
909 494 1077 575 opera
1102 518 1389 555 venenum
1418 500 1607 554 naelus
1631 544 1650 568 ‚

364 603 437 640 ne
464 602 577 662 qua
605 578 844 637 oriretur
871 576 1101 661 suspicio
1126 627 1143 651 ,
1181 580 1449 638 arotiorve
1476 582 1652 638 custo-

369 666 464 724 dia
499 662 859 723 adhiberetur
883 711 900 735 ,
942 663 994 722 se
1024 662 1383 722 Decebalum
1412 663 1560 723 inter
1593 673 1652 724 &

366 750 683 830 Trajanurn
700 749 846 829 pacis
860 746 1201 827 sequestrum
1217 744 1653 808 forefimulavit.

366 836 492 895 Hac
541 832 612 892 de
664 854 722 891 re
765 831 1033 914 supplices
1081 833 1375 913 componit
1421 832 1606 892 literas
1635 879 1659 905 ‚

369 941 506 999 quas
541 917 746 976 liberto
785 916 954 976 tradit
991 913 1367 997 perferendas.
1408 918 1489 975 Eo
1521 939 1656 1000 pro-

369 1002 522 1062 fecto
547 1050 563 1074 ‚
599 1004 761 1059 noste
786 1024 1070 1060 venenum
1095 999 1270 1059 hausit
1293 1049 1310 1073 ,
1346 1009 1402 1061 &
1428 1002 1662 1084 repente}

369 1087 720 1147 exanimatus
748 1087 839 1145 est.
864 1088 1139 1167 Trajanus
1159 1132 1175 1155 ‚
1201 1084 1342 1166 quid
1362 1087 1659 1168 Longinus

368 1170 742 1230 meditaretur
793 1191 974 1228 certus
1013 1217 1030 1242 ,
1085 1169 1355 1228 libertum
1406 1170 1656 1232 retinuit.

371 1254 696 1315 Decebalus
720 1301 736 1326 ,
777 1253 831 1313 se
860 1252 1087 1313 illusum
1115 1253 1417 1336 indignans
1439 1302 1457 1326 ‚
1494 1254 1664 1314 liber-

372 1361 498 1400 turn
529 1339 730 1422 repetit
755 1385 771 1411 ‚
809 1339 1056 1419 Longini
1087 1337 1321 1397 cadaver
1356 1347 1413 1398 ὃς
1453 1337 1659 1398 decem
1719 1354 1720 1380 l

371 1444 635 1506 praeterea
655 1423 900 1505 captivos
925 1422 1262 1482 traditurum
1283 1420 1335 1481 se
1356 1421 1661 1505 pollicitus·

372 1507 795 1568 Centurionem
823 1555 840 1580 ‚
893 1530 1023 1566 curn
1068 1506 1333 1588 Longino
1383 1528 1608 1590 captum
1638 1555 1661 1582 ,

355 1590 559 1665 «misit,
607 1592 706 1673 qui
744 1590 805 1650 id
851 1589 1199 1674 significaret.
1258 1590 1337 1650 At
1380 1593 1660 1673 Trajanus

372 1677 564 1737 liberti
591 1685 647 1736 &
669 1676 1010 1735 centurionis
1033 1673 1267 1734 salutem
1285 1723 1302 1748 ,
1332 1675 1407 1734 ob
1430 1676 1662 1759 imperii

376 1761 739 1840 dignitatem,
755 1760 1002 1840 Longini
1019 1757 1306 1841 sepulturae
1322 1760 1662 1820 antehaben-

377 1846 512 1904 dam
545 1866 690 1902 ratus
715 1892 730 1915 ,
761 1864 1025 1902 neutrum
1051 1841 1263 1901 remisit
1289 1868 1301 1900 2
1335 1844 1406 1902 de
1430 1845 1662 1924 captivis

375 1927 529 1988 haud
566 1929 645 1986 ira
686 1926 984 1998 sollicitus,
1021 1927 1175 2007 quod
1214 1927 1358 1984 nihil
1400 1927 1661 1989 adversus

380 2036 475 2072 eos
493 2012 723 2071 auderet
743 2010 1062 2070 Decebalus
1082 2057 1098 2082 ‚
1117 2033 1187 2069 ne
1207 2011 1408 2092 majori
1434 2009 1664 2074 suorum

375 2095 645 2179 sanguine
667 2095 1085 2178 rependeretur.

462 2183 616 2239 DUM
654 2179 835 2238 Caesar
871 2179 1013 2238 ultra
1044 2179 1377 2238 Danubium
1414 2180 1661 2241 vietoriis

374 2263 680 2344 imperium
710 2262 1051 2345 propagabat
1068 2311 1083 2335 ,
1107 2262 1248 2321 illud
1272 2269 1388 2343 ejus
1414 2263 1672 2345 auspiciis,

377 2369 476 2430 per
526 2347 794 2407 Arabiam
846 2344 1146 2405 diffuderat
1194 2349 1371 2405 Corn.
1422 2348 1614 2408 Palma
1640 2396 1659 2422 ‚

374 2433 535 2509 Syri-:e
560 2430 767 2514 praese&
797 2433 932 2489 Eam
961 2431 1193 2511 quidem
1218 2433 1331 2489 Cn.
1358 2434 1656 2513 Pompeius

369 2515 515 2574 olim
535 2537 805 2576 terruerat
822 2564 836 2587 ,
858 2539 973 2573 non
994 2514 1308 2574 domuerat.
1329 2516 1483 2574 Dein
1500 2517 1659 2576 divus

369 2599 651 2684 Augustus
689 2648 706 2675 ,
760 2600 1081 2683 intelligens
1127 2601 1325 2683 quanti
1371 2599 1658 2662 intereffet
