1720 3184
314 131 1137 209 Doi11T1A⁷Nua
1273 148 1371 219 '95

88 248 339 310 moriam
367 294 384 319 ,
428 252 544 324 ejus
577 240 861 301 tumulum
898 241 1124 300 floribus
1160 241 1374 301 conde-
1396 265 1589 306 Ξ

96 334 362 392 corabant
386 376 401 399 ‚
447 324 745 386 interfecti.
813 325 971 383 Tum
1014 327 1274 407 Princeps
1311 327 1370 385 in
1396 324 1445 363 A.
1464 325 1514 364 U·
1534 323 1593 371 Ca·

98 438 353 475 amorem
380 413 411 474 J
416 411 536 470 uliae
558 458 575 482 ‚
613 408 731 466 divi
753 408 877 466 Titi
902 408 1026 466 filiae
1046 457 1062 481 ‚
1103 410 1370 490 prorupit.

97 500 176 560 At
197 545 213 568 ‚
258 498 403 554 intra
427 495 596 553 breve
624 512 842 572 tempus
866 538 882 562 ‚
928 493 1228 574 impatiens
1262 492 1374 552 dis-

97 581 228 639 cidii
260 629 276 652 ,
315 577 638 638 Domitiam
662 622 678 647 ,
720 572 873 654 quasi
906 575 1247 658 efflagitante
1276 602 1378 661 po-

97 663 230 748 pulo
255 710 271 735 ‚
313 661 549 721 reduxit.
595 659 763 718 Haud
795 655 967 716 fracta
1005 679 1196 719 tamen
1219 662 1378 724 Juliae

101 748 355 829 potentia
388 769 448 803 ac
480 743 676 802 libidO.
725 744 896 824 Super
919 742 1016 800 has
1045 745 1335 826 cupidines
1358 792 1378 818 ,

100 840 158 890 δέ
186 829 548 888 aedificiorum
574 823 849 908 impensas
871 873 887 898 ,
927 826 1129 906 quibus
1159 828 1249 888 vix
1281 852 1380 911 par

101 911 287 972 fuiffet
327 912 632 994 imperium
661 958 677 982 ‚
721 910 780 966 in
809 909 1061 984 immane
1091 933 1381 972 creverant

99 995 539 1079 spectaculorum
563 993 830 1075 sumptus,
846 994 919 1052 lis
935 992 1091 1054 brevi
1114 996 1380 1055 exhaustae

101 1103 234 1161 opes
260 1103 277 1156 3
308 1089 363 1140 δε
386 1079 656 1159 Principis
679 1077 943 1137 libidines
970 1078 1158 1161 inopia
1181 1103 1381 1140 accen-

99 1163 184 1223 sae.
223 1165 309 1223 Sic
336 1163 502 1244 coepit
526 1161 888 1222 tristiffimum
914 1161 1057 1221 illud
1079 1161 1337 1223 saeculum
1360 1184 1384 1239 ,'

102 1270 215 1329 quo
233 1295 248 1319 ‚
267 1246 516 1307 resolutis
537 1245 850 1329 reipublicae
870 1246 1105 1305 vinculis
1125 1295 1142 1319 ‚
1163 1248 1384 1308 turbata

103 1331 297 1390 omnia
319 1340 375 1391 δέ
402 1331 462 1388 in
488 1330 831 1389 contrarium
856 1329 1025 1390 versa.
1071 1333 1243 1391 Curia
1267 1354 1382 1393 tre-

103 1413 238 1495 pida
259 1413 366 1474 fuit
391 1423 447 1474 &
473 1413 728 1496 elinguis,
755 1416 821 1472 In
847 1415 1024 1472 castris
1044 1415 1198 1474 nulla
1221 1416 1383 1476 duci-

104 1499 206 1557 bus
228 1498 541 1570 au&oritas‚
562 1495 714 1555 nulla
734 1496 1009 1556 militibus
1025 1500 1382 1561 verecundia.

144 1585 332 1642 INTER
353 1583 465 1640 haec
482 1583 755 1640 immotus
772 1581 1039 1662 Agricola
1059 1583 1269 1664 grande
1288 1584 1384 1644 de-

50 1720 54 1722 ,
103 1664 189 1724 dit
202 1665 514 1724 constantiae
528 1663 1155 1745 exemplum.Ha6tenus
1169 1667 1387 1737 Britan-1

102 1749 195 1807 nia
211 1750 345 1809 belli
363 1746 618 1832 pacisque
639 1747 846 1807 artibus
869 1749 1100 1808 obtenta
1114 1799 1130 1823 ,
1154 1751 1386 1812 cunstiss·

104 1855 215 1913 que
255 1833 513 1914 gentibus
557 1833 632 1890 cis
659 1831 990 1891 Bodotriam
1030 1835 1348 1916 compositis
1366 1884 1386 1911 ,

102 1916 387 1978 Hiberniae
420 1916 728 1974 imminens
770 1938 897 1976 eam
929 1914 1081 1976 facili
1111 1940 1384 2002 certaeque

46 2035 54 2039 -
104 2000 347 2059 victoriae
370 1998 694 2057 destinabat.
709 1998 787 2057 At
808 2000 1030 2082 propius
1055 2002 1386 2083 graviusque

107 2081 406 2141 discrimen
429 2081 724 2162 ingruebat
748 2082 817 2140 ab
843 2082 1042 2166 amplis
1067 2086 1384 2146 civitatibus

108 2186 256 2225 trans
281 2164 612 2224 Bodotriam
638 2162 764 2223 fitis.
786 2164 1052 2247 Agricola
1077 2167 1179 2227 hac
1204 2172 1383 2231 aestate

110 2271 198 2309 eas
238 2249 483 2310 exercitu
527 2246 801 2329 classeque
844 2249 1123 2331 adgressus
1152 2298 1169 2324 ,
1219 2253 1383 2314 simul

111 2331 255 2392 terra
281 2379 298 2404 ,
341 2331 503 2390 simul
550 2332 692 2391 mari
744 2331 961 2393 bellum
1010 2335 1237 2418 impulit
1260 2386 1276 2410 ,
1320 2360 1383 2397 ut

110 2414 272 2474 latius
296 2415 502 2476 faceret
529 2436 799 2475 terrorem
825 2463 841 2488 ,
881 2426 940 2478 &
969 2415 1160 2478 subitis
1186 2444 1382 2480 occur-

113 2519 274 2558 reret.
353 2498 552 2581 Populi
600 2499 979 2559 Caledoniam
1029 2502 1338 2563 incolentes
1361 2553 1383 2577 ‚

108 2582 309 2666 aperiri
352 2581 473 2644 suos
518 2581 750 2644 recessus
801 2583 1083 2668 indignati
1117 2633 1134 2658 ,
1189 2608 1383 2670 paratu

1434 398 1562 450 823·¹

1433 474 1474 514 J.
1501 472 1556 512 Ca
1573 525 1589 544 ι

1459 551 1562 600 700)
