1720 3184
264 56 319 81 N„

545 136 602 200 T
647 165 666 199 1
712 163 747 200 ‘r
799 165 836 203 u
886 153 933 201 s.'
1290 140 1373 220 ¹8'5'

97 237 308 327 potitus
338 245 428 303 est.
476 241 811 325 Vespasiano
847 260 1038 300 autem
1068 236 1234 298 funus
1272 262 1371 322 pro

102 349 261 386 more
287 327 519 385 ductum
542 349 559 404 3
596 326 722 386 exin
746 324 975 385 caelestes
1006 324 1246 383 honores
1269 323 1371 384 de·-

102 409 257 469 creti.
1138 448 1142 450 ἡ

184 493 261 549 T1
280 514 314 550 T
334 515 371 550 u
392 512 413 549 s
444 538 461 564 ‚
519 488 801 550 summam
853 511 1042 549 rerum
1091 488 1325 573 adeptus
1351 512 1371 564 ,‘

100 574 241 632 nihil
265 575 495 634 retinuit
519 574 750 656 pristinae
770 573 992 632 luxuriae
1012 597 1023 631 ε
1042 571 1139 632 sed
1159 574 1378 635 amicos>

98 657 271 739 elegit
305 658 548 739 optimos
573 682 586 715 ι
626 657 894 716 Berenice
921 657 979 714 in
1006 657 1040 718 J
1045 656 1260 716 udaeam
1287 681 1381 725 re-¹

102 740 262 823 gredi
276 746 292 820 j
303 739 412 799 ussa
430 766 441 799 ε
457 739 660 799 dimiffi
678 739 1051 800 delicatorum
1070 740 1381 822 gratissimi.'

99 825 169 883 Et
190 825 446 906 Princeps
472 844 621 883 totus
645 824 823 904 patuit
847 822 1161 883 virtutibus·
1200 826 1381 892 Bene-⁴

102 906 224 966 ficia
255 931 287 966 a
316 906 687 988 superioribus
715 905 966 967 concessa
989 907 1378 988 Principibus;

98 1012 218 1071 quae
253 1013 317 1049 ex
354 991 604 1051 instituto
643 991 866 1051 Tiberii
907 1014 1105 1051 omnes
1130 990 1375 1054 Caesares

100 1074 259 1134 aliter
275 1095 391 1133 rata
415 1099 531 1134 non
553 1074 864 1135 habuerant
878 1122 895 1147 ,
916 1074 1088 1156 quarn
1107 1073 1146 1132 fi
1170 1075 1375 1137 eadem

98 1158 298 1219 iisdem
319 1166 377 1218 δε
391 1158 490 1242 ipsi
510 1156 824 1219 tribuissent
837 1206 854 1231 ,
872 1161 1084 1241 primus
1100 1163 1374 1241 praeterita

96 1243 289 1301 omnia
323 1266 437 1301 uno
467 1243 822 1303 confirmavit
852 1242 1039 1302 edicito
1063 1291 1080 1318 ,
1126 1266 1231 1303 nec
1259 1269 1291 1305 a
1314 1243 1373 1306 se

99 1326 214 1406 peti
245 1325 436 1408 passus.
482 1330 586 1386 Par
615 1334 728 1409 ejus
758 1328 818 1385 in
847 1348 1060 1387 ceteros
1094 1327 1330 1389 comitas
1352 1345 1376 1404 ,¹

100 1408 509 1492 liberalitasque
527 1458 543 1483 ,
567 1419 624 1471 δε
641 1410 912 1470 obstinata
930 1435 1058 1472 cura
1071 1459 1088 1484 ‚
1107 1434 1179 1472 ne
1197 1435 1374 1493 quem

99 1516 373 1574 umquam
398 1494 508 1552 fine
535 1491 626 1577 spe
655 1494 986 1555 dimitteret.
1029 1495 1377 1567 Admonen-j

100 1577 246 1636 tibus
268 1578 584 1637 domesticis
600 1625 618 1649 ,
642 1577 793 1657 quafi
815 1578 973 1661 plura
995 1578 1379 1659 polliceretur-,¹

96 1660 268 1742 quam
298 1662 541 1743 praestare
564 1659 741 1744 posset
764 1686 776 1718 z
814 1690 846 1713 cc
867 1664 1000 1721 Non
1033 1684 1291 1746 oportere
1308 1693 1373 1739 σο,

96 1743 415 1827 respondit,
454 1768 851 1826 ecquemquam
881 1770 913 1804 a
936 1745 1194 1807 sermone
1218 1748 1377 1812 Prin-ff

97 1829 278 1911 mcipis
312 1829 524 1887 tristem
562 1827 916 1904 discedere».
968 1833 1036 1889 Et
1081 1831 1377 1911 quondam

99 1912 418 1972 recordatus
445 1910 604 1994 super
632 1936 830 1972 cenam
851 1960 867 1985 ,
909 1914 1067 1995 quod
1089 1914 1232 1973 nihil
1261 1915 1377 1980 cui-¹

100 2018 269 2076 quam
292 2016 413 2053 toto
440 1995 532 2053 die
550 1995 871 2078 praestitiffet
890 2043 907 2066 ‚
933 1998 1372 2057 memorabilem

97 2101 297 2140 vocem
323 2078 533 2137 edidit:
559 2106 592 2129 ct
608 2078 835 2151 Amici,
859 2079 1015 2138 diem
1038 2080 1332 2160 perdidi».

182 2163 281 2220 NE
311 2161 450 2242 quid
481 2162 652 2221 etiam
677 2183 913 2246 paterna>
938 2163 1077 2222 labis
1102 2164 1331 2226 haereret
1352 2183 1375 2237 ‚¹

98 2243 230 2311 cum
256 2244 618 2326 Vespasianus
650 2255 707 2306 δε
746 2248 991 2329 pecuniae
1019 2246 1159 2306 visus
1187 2247 1376 2309 fuisset

99 2328 352 2411 cupidior
371 2376 387 2400 ,
414 2337 470 2389 &
498 2329 761 2411 deceptus
790 2330 850 2388 in
873 2329 1183 2389 insontium
1210 2354 1377 2393 neces

103 2410 446 2472 consensisset
469 2459 486 2484 ,
511 2412 622 2495 ipse
649 2438 721 2474 ne
746 2412 1022 2474 concessas
1050 2414 1286 2496 quidem
1310 2436 1371 2474 ac

100 2492 282 2554 solitas
323 2495 647 2555 collationes
688 2498 898 2580 recepit
922 2521 940 2576 3
982 2497 1375 2579 pontificatum

101 2600 328 2662 *quoque
370 2581 685 2643 maximum
727 2580 861 2644 ideo
906 2609 939 2635 cc
960 2581 1062 2644 se»
1104 2579 1379 2664 professus

1392 256 1586 284 ἕπε-’ἓ

1388 314 1442 355 Α.
1458 316 1509 354 U.
1529 313 1590 365 C<

1433 387 1544 441 832..

1423 457 1461 499 J.
1488 459 1542 505 C«

1451 538 1531 579 791·
