1720 3184
331 150 411 215 86
517 147 914 217 APPENDIX
963 169 1450 222 cHRONoroG:

104 271 302 317 Ξ
331 255 631 341 oerecipere
657 305 673 332 ‚
715 278 778 316 ut
819 278 979 338 puras
1033 257 1273 319 servaret
1319 283 1566 321 manus„
1593 274 1624 320 ‚⁶

103 333 303 378 A„1L‹:.

154 406 264 461 832.

153 480 264 523 J.C.

128 563 253 607 ,790

325 365 430 403 nec
455 347 646 402 auctor
675 341 898 424 posthac
924 342 1250 424 cujusquam
1276 346 1428 404 necis
1452 393 1469 418 ‚
1502 367 1615 405 nec:

327 424 575 487 conscius
608 473 624 499 ,
666 427 924 507 quamvis
968 427 1259 487 interdum
1304 427 1613 489 ulciscendi

327 509 485 572 causa
531 533 650 569 non
696 507 907 570 deeffet
937 557 953 583 ‚
1008 510 1104 572 sed
1150 514 1511 594 ecperiturum
1553 510 1609 572 se

320 592 554 679 »potius
580 641 597 667 ,
655 593 830 676 quam
874 595 1232 678 perditurum
1250 625 1284 649 2·
1314 597 1613 678 adjuravit.

318 681 417 740 De
460 678 760 761 majestatis
808 679 1046 741 crimine
1090 702 1409 762 numquam
1455 681 1573 764 egit
1593 727 1616 753 ,

319 786 508 846 neque
552 763 645 846 agi
691 762 945 846 permisit
978 810 995 835 ‚
1057 764 1318 824 diffitans
1373 793 1408 817 oc
1425 787 1614 845 neque

316 848 635 930 xqinjuriam
669 869 857 928 neque
901 849 1314 909 contumeliam
1354 848 1456 908 fibi
1492 848 1618 909 fieri

318 930 546 1015 :opoffe‚
572 930 731 1014 quod
753 930 898 989 nihil
916 932 1346 1017 reprehensione
1369 933 1615 1016 dignum

319 1037 609 1099 »patraret
647 1041 661 1074 :
708 1012 843 1075 falsa
871 1062 888 1087 ‚
935 1015 974 1074 fi
1021 1040 1134 1098 qua
1179 1017 1569 1100 spargerentur
1594 1063 1616 1090 ,

317 1100 467 1161 :olibi
485 1123 626 1161 curae
648 1122 765 1159 non
789 1097 899 1160 effe
916 1129 976 1160 υ.
999 1103 1162 1161 Tum
1185 1125 1386 1162 omnes
1406 1103 1614 1162 Titum

316 1186 555 1260 mirari,
596 1184 924 1263 celebrare3
962 1185 1028 1246 iis
1065 1188 1201 1245 vero
1224 1234 1240 1259 ‚
1287 1186 1388 1268 qui
1430 1209 1566 1246 eum
1591 1233 1617 1261 ,

314 1272 579 1334 nondum
603 1269 929 1353 Principem
955 1318 973 1343 ,
995 1268 1308 1331 timuissent
1327 1317 1344 1343 ‚
1368 1270 1569 1353 pudor.

334 1357 514 1420 ,DUM
530 1355 590 1414 in
613 1355 715 1414 hac
729 1354 1107 1414 admiratione
1131 1356 1634 1436 venerationeque

313 1440 470 1502 Urbs
495 1436 893 1519 adquiescebat
916 1485 934 1511 ,
974 1438 1193 1499 lustum
1224 1438 1429 1499 adtulit
1452 1458 1614 1499 atrox

318 1533 378 1586 δε
404 1525 704 1586 continuus
731 1544 948 1584 tremor
973 1544 1131 1584 terrae
1151 1570 1168 1597 ‚
1209 1547 1386 1606 quem
1427 1521 1613 1584 secuta

319 1612 399 1673 est
427 1608 712 1669 horrenda
731 1606 968 1670 Vesuvii
993 1609 1204 1668 montis
1229 1608 1614 1692 conflagratio,

317 1693 709 1756 Pulcherrima
752 1693 1083 1776 Campania:
1126 1715 1223 1753 ora
1258 1691 1459 1752 misere
1503 1691 1614 1752 foe-·

318 1778 450 1839 data
482 1802 495 1838 z
539 1778 752 1837 obrutae
782 1776 901 1835 duze
930 1776 1096 1837 urbes
1117 1776 1524 1838 Herculanium
1551 1786 1613 1838 ὃς

315 1863 580 1947 Pompeii
609 1887 621 1920 :
659 1863 805 1922 vasta
837 1861 1141 1920 hominum
1174 1863 1375 1944 strages
1402 1908 1420 1934 ,
1468 1884 1614 1943 quos

315 1946 466 2008 inter
490 1947 705 2030 periere
724 1944 977 2028 Agrippa
999 1943 1226 2026 ejusque
1248 1966 1429 2005 mater
1450 1947 1614 2005 Dru-

315 2029 450 2092 filla.
471 2031 582 2103 At,
605 2030 918 2090 studiorum
940 2026 1093 2088 fama
1108 2076 1125 2102 ‚
1149 2051 1301 2088 mors
1316 2031 1388 2089 C.
1404 2028 1573 2089 Plinii
1587 2052 1611 2104 ,'

318 2138 497 2197 quem
528 2113 688 2198 supra
716 2114 1161 2174 memoravimus
1184 2161 1201 2186 ,
1244 2110 1353 2173 fuit
1380 2112 1607 2197 insigni·-

316 2201 449 2260 tior.
483 2204 532 2259 Is
554 2197 700 2258 forte
719 2219 841 2258 tum
863 2197 1076 2259 Miseni
1096 2218 1246 2269 erat,
1269 2195 1610 2278 claffemque

313 2283 560 2365 imperio
582 2281 812 2365 praesens
832 2283 1079 2366 regebat.
1099 2280 1385 2342 Miraculo
1402 2281 1568 2341 nubis)
1584 2327 1609 2355 ,

316 2386 440 2454 vquae
462 2368 521 2426 in
545 2365 975 2448 similitudinem
1002 2366 1363 2448 formamque
1394 2365 1608 2428 arboris

318 2469 349 2512 'e
372 2450 599 2511 summo
615 2449 867 2513 Vesuvio
888 2451 1137 2536 primum
1156 2448 1269 2510 visa
1288 2471 1604 2534 erumpere,

317 2536 530 2595 excitus
553 2584 571 2609 ,
611 2536 717 2595 huc
745 2556 1004 2620 properat
1029 2585 1045 2610 ,
1078 2533 1369 2595 noscendae
1396 2555 1608 2595 naturae

316 2620 532 2682 avidus·
584 2621 747 2681 Dum
777 2621 962 2705 pergit
984 2669 1000 2696 ‚
1045 2618 1225 2706 gliscit
1250 2618 1564 2704 periculum
1581 2664 1607 2701 χ
