1720 3184
179 203 183 209 ,
266 146 1069 211 DoM.1·r1ANus.·
1200 167 1319 229 119·

33 245 214 308 eaedes
240 247 509 307 ediderit:
533 271 666 329 quas
685 248 830 309 inter
843 249 1057 312 Acilius
1077 249 1315 313 Glabrio
1338 283 1532 314 aza-

43 329 340 389 consularis
378 340 436 390 &
474 332 623 391 exsul
662 332 869 394 occisus
909 338 984 396 est
1020 358 1082 396 ut
1123 360 1313 397 rerum
1331 340 1382 380 A.
1404 345 1453 387 U·
1475 344 1534 395 Cn

43 435 317 472 novarum
354 413 602 474 molitor.
655 415 736 474 At
768 418 865 476 ubi
901 442 1058 480 mota
1087 421 1314 482 domes-
1378 416 1497 507 348⁶,

44 497 152 556 tica
193 497 303 554 haec
352 497 520 570 odia,
566 521 739 557 nemo
780 499 890 559 fuit
928 507 1018 564 cui
1055 507 1317 590 Princeps
1373 489 1496 612 J'95C'

41 579 259 638 fideret.
314 582 521 640 Frustra
547 581 635 642 vel
665 582 948 665 praefectos
975 591 1230 671 praetorio
1261 595 1321 651 in
1461 583 1485 609 ²

39 662 156 744 ipsd
177 661 496 745 praefectura
516 687 638 726 reos
663 668 865 749 agebat
880 716 891 736 ,
921 673 1011 731 vel
1035 676 1324 756 opprime-

42 746 140 805 bat
169 747 398 805 libertos
416 795 433 820 ,
464 771 604 829 quos
627 771 687 809 ut
711 751 941 815 doceret
962 779 1278 837 numquam
1300 806 1320 831 ‚

34 852 116 889 ne
163 829 318 888 bono
364 831 600 911 quidem
650 837 911 919 exemplo
932 887 950 911 ,
996 841 1322 902 audendam

40 913 262 995 patroni
292 935 493 974 necem
520 964 536 988 ‚
578 919 1024 1000 Epaphroditum
1052 948 1083 983 a
1113 925 1322 986 libellis

41 995 265 1077 capitali
310 998 475 1079 poend
513 1002 918 1064 condemnavit
945 1054 961 1080 ,
1004 1009 1162 1089 quod
1203 1012 1322 1092 post

40 1078 481 1155 destitutionem,
496 1085 650 1144 Nero
666 1087 724 1145 in
741 1088 1096 1171 adipiscenda
1112 1116 1321 1169 morte,

39 1186 216 1223 manu
238 1171 352 1244 ejus
374 1167 594 1247 adjutus
621 1172 1051 1236 existimabatur.
1097 1179 1323 1261 Suppli--

41 1247 140 1306 ciis
172 1248 384 1308 irritata
419 1252 640 1311 tantum
675 1257 919 1317 audacia.
962 1261 1082 1320 Nec
1108 1262 1324 1344 profuit

38 1330 330 1413 vigilantia
345 1335 378 1396 J
383 1338 592 1395 uventii
611 1339 762 1398 Celsi
776 1389 792 1413 ,
817 1342 964 1402 inter
985 1346 1324 1429 conspiratos

44 1414 187 1473 olim
210 1416 443 1477 accusati
471 1443 488 1495 3
532 1419 630 1480 sed
651 1421 987 1508 supplicium
1013 1427 1285 1513 effugerat
1303 1480 1324 1507 ‚

42 1499 364 1582 Principem
391 1500 602 1564 secreto
625 1505 896 1568 allocutus
924 1557 940 1583 ‚
989 1514 1324 1598 testatusque

40 1579 97 1641 se
125 1581 232 1642 effe
257 1583 574 1646 insontem:
602 1598 660 1649 ὃς
680 1637 697 1662 ,
715 1590 754 1648 fi
782 1596 1039 1654 annuerit
1062 1599 1324 1684 Princeps

41 1664 308 1727 dominus
332 1693 393 1727 ac
417 1671 554 1731 deus
572 1720 590 1745 ,
612 1670 668 1733 se
691 1674 937 1737 nefanda
963 1681 1166 1761 quaevis
1191 1707 1326 1745 con-

40 1747 156 1808 filia
192 1751 650 1836 investigaturum
675 1807 691 1831 ,
738 1761 1004 1844 certoque
1033 1769 1329 1829 renuntia-

42 1853 249 1894 turum.
296 1840 486 1898 Postea
516 1839 737 1924 semper
771 1844 930 1906 elufit
957 1849 1319 1935 Principem3

41 1916 260 1997 hacque
288 1918 484 1982 fraude
510 1924 832 1988 incruentus
857 1929 1174 2014 supervixit.

137 2003 211 2059 C.
245 2002 299 2060 A
318 2026 439 2063 NTI
460 2030 482 2065 s
502 2031 536 2065 T
559 2031 576 2064 1
600 2031 635 2065 o
679 2011 891 2072 Vetere
919 2062 935 2086 ,
975 2018 1047 2074 C.
1087 2019 1315 2080 Manlio
1339 2052 1533 2084 Q

42 2081 286 2144 Valente
320 2087 653 2150 consulibus,
706 2094 920 2155 Valens
950 2102 1316 2182 nonagesimo
1338 2099 1392 2141 A.
1412 2105 1461 2145 U·
1480 2110 1535 2158 C·

41 2167 213 2226 aetatis
265 2192 413 2229 anno
465 2174 525 2231 in
577 2174 867 2238 consulatu
915 2204 1168 2244 mortuus
1222 2191 1312 2250 est.
1385 2178 1495 2232 849·

39 2252 206 2309 Hunc
253 2275 481 2336 quoque
522 2281 734 2319 annum
779 2261 1010 2325 fatalem
1054 2267 1154 2328 fibi
1193 2268 1314 2333 fore
1376 2261 1413 2300 J·
1447 2263 1498 2309 C.

41 2333 407 2396 Domitianus
437 2339 657 2401 dudum
681 2346 933 2408 audierat
954 2398 970 2422 ‚
1007 2350 1077 2410 ab
1103 2353 1314 2416 adoles-
1391 2347 1418 2388 9
1426 2342 1471 2395 6·-

40 2417 225 2476 centia
249 2422 519 2483 vaticiniis
542 2427 941 2491 Chaldaeorum
960 2481 976 2506 ‚
1000 2436 1099 2515 qui
1122 2437 1277 2498 diem
1296 2489 1315 2514 ‚

0 2566 1 2570 Ἰ
42 2498 242 2559 horam
266 2550 282 2574 ‚
308 2506 590 2589 genusque
616 2515 814 2573 mortis
839 2515 891 2575 ei
912 2519 1276 2599 p1·aedixerant
1296 2573 1315 2597 ‚

0 2581 2 2675 l
33 2582 307 2648 imbutus·
342 2589 776 2660 Recentioribus
798 2598 980 2662 adhuc
1005 2603 1318 2685 agitabatur
