1672 3174
319 174 436 229 394
574 152 1349 240 INNAPPE'ND1CEM

380 250 586 315 Verum,
619 251 724 301 crim
758 266 964 301 veterum
991 267 1254 318 temporum
1274 256 1473 304 rationes
1489 252 1599 302 nol?-

92 334 145 377 A.
163 334 213 374 U.
235 334 285 374 C.
310 333 486 370 trorum
525 336 788 385 temporum
822 320 1176 386 nostrarumque
1211 340 1366 370 rerum
1398 338 1599 386 compa-

128 411 239 464 856·

127 485 165 525 J.
201 485 252 525 C.

146 563 261 613 5103.

313 390 493 437 ratione
526 387 706 452 semper
733 390 881 453 magis
909 387 1184 435 illustrentur
1201 426 1214 449 ,
1249 388 1372 437 haud
1397 389 1600 437 alienum

316 457 400 505 erit
434 469 597 502 notum
635 450 712 501 hic
747 452 898 504 facere
933 455 982 503 in
1019 454 1207 521 singulis
1246 457 1367 504 urbis
1407 454 1600 503 Lutetiae

314 521 591 572 Par-ifiorurn
613 520 845 586 parochiis
862 560 875 583 ‚
898 519 964 571 les
980 521 1197 589 Parozſjes
1216 561 1230 580 ,
1267 522 1355 572 effe
1374 539 1600 587 pauperes

315 589 634 638 alimentarios
660 627 672 649 ,
711 589 876 656 quibus
900 626 914 650 ‚
953 606 1008 635 ex
1047 606 1206 637 annuo
1249 590 1375 657 quod
1416 588 1634 654 lingulis*

313 659 365 706 in
393 655 626 721 parochiis
656 656 824 704 tributo
861 657 1057 723 exigitur
1075 694 1087 716 ‚
1119 657 1169 705 in
1195 654 1392 724 fingulas
1424 655 1607 704 hebdo-
1635 663 1637 666 “

313 722 475 772 madas
517 723 687 771 viritim
726 722 989 771 dividuntur
1031 722 1139 772 deni
1181 721 1291 772 affes
1326 742 1341 787 3
1387 721 1517 790 quod
1555 723 1605 770 in

316 790 522 857 singulos
554 807 703 838 annos
734 789 874 839 efficit
908 805 1106 838 monetae
1138 791 1302 840 nostrae
1339 791 1476 839 libras
1508 795 1570 837 26
1590 808 1610 837 εν

314 859 530 924 parciore
562 857 712 905 adhuc
740 863 784 904 &
820 858 1083 924 angustiore
1115 857 1267 906 nostra
1297 861 1347 906 in
1376 874 1606 924 pauperes

316 922 588 974 Parifienses
625 923 896 972 liberalitate
919 963 932 986 ‚
970 922 1110 990 quam
1137 923 1221 973 fuit
1249 924 1457 986 Traiana
1496 940 1614 990 erga

318 1009 489 1058 pueros
504 990 755 1042 Veleiates·
776 990 834 1042 Et
852 989 970 1040 forte
985 991 1219 1054 Traianus
1234 1029 1247 1052 ,
1268 992 1395 1058 quod
1413 991 1609 1039 libente:
1641 1027 1650 1031 x

322 1058 595 1107 crediderim
623 1098 635 1120 ,
684 1061 819 1125 inopi
858 1060 1064 1125 pueritiae
1107 1076 1386 1127 magnarum
1425 1058 1608 1107 urbium

319 1127 629 1194 locorumque
647 1125 811 1174 Romae
833 1128 1155 1192 proximorum
1173 1165 1185 1188 ,
1219 1127 1296 1176 ubi
1315 1123 1462 1176 carius
1478 1123 1616 1177 vive·

319 1193 478 1255 batur,
511 1195 655 1259 paulo
683 1191 856 1260 largius
886 1191 1222 1259 suppeditabat.
1626 1254 1629 1255 ⁷

384 1260 481 1322 At,
510 1259 681 1309 etiamsi
701 1261 836 1326 plura
864 1279 962 1308 non
986 1259 1134 1310 fuiffet
1155 1261 1372 1327 largitus,
1403 1261 1612 1308 maxima

321 1325 443 1376 foret
466 1327 562 1391 ejus
587 1328 850 1377 liberalitas.
881 1327 1028 1392 Quod
1049 1344 1096 1376 ut
1116 1329 1428 1395 intelligatur,
1455 1324 1612 1374 obser-

323 1395 529 1442 vandum
565 1396 627 1442 est
654 1393 945 1458 Trajanum,
986 1411 1092 1443 ante
1130 1395 1303 1443 bellum
1339 1394 1572 1442 Dacicum
1595 1424 1614 1448 ,

324 1459 571 1510 collocasse
596 1459 886 1529 septuaginta
908 1462 1000 1511 duo
1022 1462 1168 1512 millia
1187 1460 1434 1510 sestertium
1455 1499 1469 1522 ‚
1499 1457 1614 1509 Gal-

320 1530 420 1577 licae
439 1544 636 1577 monetae
656 1529 792 1577 libras
828 1545 960 1591 15¹,91
978 1548 994 1576 1
1019 1568 1031 1589 ,
1051 1546 1098 1578 ut
1120 1547 1174 1578 ex
1200 1530 1462 1597 quincunce
1481 1525 1611 1577 usura

320 1594 449 1644 fieret
492 1613 647 1645 annua
689 1593 866 1645 summa
909 1595 1156 1645 sestertium
1200 1596 1370 1645 trinum
1411 1595 1611 1644 millium

319 1660 565 1712 sexcentim
600 1703 613 1724 ‚
643 1662 838 1713 Gallicae
872 1680 1071 1712 monetae
1102 1664 1324 1712 librarum
1360 1681 1490 1726 7003
1520 1663 1612 1731 quii

319 1747 377 1777 ex
399 1729 575 1778 summa
606 1731 827 1780 alimenta
857 1731 1145 1798 accipiebant
1180 1731 1446 1781 Veleiatum
1478 1731 1617 1796 pueri‘

318 1797 516 1862 legitimi
558 1802 612 1845 18
634 1837 647 1858 ,
683 1799 839 1862 puella
869 1798 1080 1864 legitima
1117 1817 1159 1846 1.
1202 1799 1373 1846 Iterum
1407 1800 1613 1861 optimus

316 1863 442 1911 idem
460 1862 682 1928 Princeps
698 1902 711 1924 ,
738 1866 843 1929 post
866 1863 1038 1911 bellum
1061 1864 1293 1913 Dacicum
1314 1904 1325 1926 ‚
1359 1865 1609 1913 collocavit

317 1928 468 1978 decies
521 1931 828 1997 quadraginta
879 1948 1077 1996 quatuor
1131 1932 1277 1979 millia
1323 1930 1571 1978 sestertium
1596 1969 1612 1993 ,

320 1994 517 2046 Gallicae
541 2012 738 2045 monetae
767 1998 902 2045 libras
927 2015 1139 2058 202‚09o
1159 2036 1170 2057 ‚
1199 2013 1247 2046 ut
1269 2015 1324 2046 ex
1350 2001 1613 2063 quincunce

320 2061 451 2112 usura
482 2062 609 2113 fieret
639 2082 795 2113 annua
826 2063 1002 2113 summa
1033 2065 1421 2132 quinquagenum
1451 2064 1612 2112 binum

316 2131 518 2179 millium
535 2129 783 2179 sestertium
799 2137 843 2179 &
859 2130 1145 2180 ducenorum
1161 2171 1173 2191 ‚
1195 2131 1390 2181 Gallicae
1413 2146 1613 2181 monetae

315 2197 536 2246 librarum
555 2237 567 2259 ‚
607 2214 812 2261 10‚1543
849 2199 940 2266 qua
965 2217 1018 2247 ex
1042 2196 1215 2246 summa
1235 2200 1455 2248 alimenta
1483 2200 1612 2247 acci-
1645 2214 1648 2218 ’

314 2264 506 2330 piebant
557 2265 824 2316 Veleiatum
858 2268 990 2331 pueri
1028 2267 1220 2331 legitimi
1256 2282 1345 2326 245
1394 2305 1406 2326 ,
1442 2267 1647 2332 puellae*⁵

315 2334 538 2399 legitimae
568 2350 627 2396 34
649 2371 660 2392 ‚
693 2331 867 2397 spurius
897 2351 946 2393 1,
977 2332 1130 2398 spuria
1161 2352 1199 2380 1.
1224 2332 1316 2393 At,
1346 2331 1451 2380 etim
1478 2333 1611 2382 Italia

316 2402 553 2448 contineat
574 2398 780 2448 Gallicas
806 2401 959 2447 leucas
983 2400 1224 2466 quadratas
1249 2407 1400 2460 6400,
1438 2405 1482 2447 &
1504 2418 1612 2449 am·-

316 2465 438 2532 plitis
462 2506 476 2528 ,
507 2465 772 2517 Veleiatum
808 2468 965 2515 civitas
999 2505 1011 2527 ,
1071 2465 1242 2515 etiamsi
1281 2464 1492 2532 patuisset
1534 2464 1626 2514 sex*

315 2537 469 2582 leucas
507 2533 750 2600 quadratas
778 2572 790 2594 ‚
829 2534 956 2601 quod
982 2536 1237 2582 maximum
1263 2532 1380 2581 certe
1410 2534 1470 2582 est
1497 2572 1509 2594 ,
1551 2550 1610 2580 ne
1635 2574 1638 2576 ,

321 2602 444 2650 foret
466 2601 654 2668 quidem
674 2599 912 2649 millesima
930 2619 1036 2667 pars
1057 2602 1211 2649 Italiae.
1243 2599 1330 2648 Per
1355 2619 1428 2648 me
1454 2615 1606 2649 tamen

313 2670 419 2718 licet
436 2708 448 2731 ,
479 2668 529 2718 fit
556 2686 661 2734 pars
689 2667 962 2732 inillefiina3
996 2669 1154 2718 demus
1180 2670 1317 2717 etiam
1340 2669 1482 2717 aliam
1505 2683 1602 2715 non
