1672 3174
332 151 451 225 '328
555 146 626 207 IN
677 126 1156 210 SUPPLEMENTUM
1204 143 1330 207 Lm.
1375 138 1452 210 V.

337 267 367 307 9
389 287 402 310 ,
439 265 570 299 num.
605 265 647 312 3.
694 245 791 296 Sed
827 245 883 294 de
915 248 1204 311 captivorum
1238 252 1627 316 mortuorumque*

337 333 534 365 numero
571 312 707 363 fufius
730 312 904 361 dictum
933 315 982 361 in
1021 315 1177 379 priore
1206 312 1360 363 Taciti
1389 315 1621 378 editione,

337 370 484 431 Tom.
509 379 577 429 III
596 420 609 442 ,
638 396 750 447 pag.
777 387 865 443 563
898 385 942 428 δε
969 377 1097 448 seqq.

402 448 519 498 Tres
562 462 726 497 turreS.
767 445 886 495 Tres
931 447 1020 495 illae
1070 464 1211 497 turres
1261 448 1626 497 nominabantur

332 512 560 564 Phasaelus
581 553 594 574 ‚
630 512 866 579 Hippicus
890 552 902 574 ‚
939 519 984 560 &
1016 513 1296 565 Mariamne.
1348 515 1426 563 De
1464 532 1623 564 earum

331 582 590 648 praestantia
610 581 923 647 st1u6³turaque
947 581 1144 629 mirabili
1172 583 1308 648 plura
1337 580 1474 631 habet
1497 581 1622 630 idem

334 646 565 713 Josephus
588 685 601 708 ,
634 647 750 696 Bell.
780 646 889 700 Jud.
912 646 976 707 V,
1007 667 1064 709 4,
1096 664 1224 696 num.
1245 666 1289 711 3.

399 714 526 763 Pars
553 713 669 762 muri
694 712 1025 764 Occidentalis.
1067 713 1166 777 Qui
1196 715 1356 762 urbem
1378 713 1624 764 Occiden-

334 796 428 830 tem
453 779 605 830 versus
635 780 852 847 cingebat
875 818 888 842 ,
927 778 1119 847 Joseph.
1143 781 1260 830 Bell.
1283 779 1392 835 Jud.
1411 781 1506 832 VH
1521 820 1534 842 ,
1570 799 1587 830 1
1608 819 1625 842 ,

333 865 463 897 num.
505 866 545 896 1.
965 857 980 873 ⁸

399 913 570 964 Cetera
612 913 765 963 omnia
804 912 948 978 versa.
1000 912 1168 964 Cetera
1206 918 1366 964 omnia
1401 914 1522 962 urbis
1559 915 1624 962 ita

331 980 460 1031 versa
505 978 604 1029 sunt
624 1019 637 1041 ,
686 997 734 1030 ut
772 996 831 1028 ne
875 997 1097 1048 umquam
1140 982 1329 1049 quidem
1369 980 1623 1029 habitatam

331 1047 463 1097 fuisse
485 1050 557 1096 vix
579 1047 719 1095 fidem
749 1045 946 1112 amplius
977 1046 1147 1096 faceret
1171 1049 1227 1098 eo
1262 1048 1581 1098 accedentibus
1604 1085 1620 1109 ‚

331 1113 524 1181 Joseph.
547 1113 657 1162 ibid.
705 1113 961 1179 Templum
996 1132 1186 1182 quoque
1227 1115 1344 1164 adeo
1375 1112 1578 1163 eversum
1602 1151 1617 1174 ,

332 1197 381 1230 ut
399 1183 556 1247 paucis
578 1181 680 1246 post
704 1197 887 1246 captam
907 1180 1064 1229 urbem
1084 1182 1239 1231 diebus
1256 1222 1269 1244 ‚
1294 1183 1400 1231 cum
1422 1182 1583 1230 Simon
1597 1219 1611 1241 ,

330 1247 457 1297 fame
499 1250 643 1297 vicius
673 1287 686 1309 ,
735 1265 760 1296 e
797 1249 1019 1296 cuniculis
1057 1247 1210 1297 exisset
1244 1287 1257 1309 ,
1306 1245 1533 1297 emerserit
1570 1249 1622 1295 in

330 1315 488 1364 locum
504 1354 516 1375 ‚
536 1315 612 1362 ubi
632 1316 855 1380 templum
875 1312 979 1363 ante
996 1313 1144 1364 fuerat
1163 1354 1176 1376 ‚
1194 1318 1344 1382 inquit
1363 1312 1590 1379 josephus
1606 1351 1624 1375 ,
1671 1317 1672 1344 ³

330 1381 705 1440 Be11.Jud.VH,
728 1402 770 1429 2.
793 1381 869 1430 Sic
886 1381 1189 1449 adimpletum
1209 1382 1337 1448 quod
1360 1381 1416 1430 de
1436 1381 1613 1446 templo

328 1448 601 1515 praedixerat
617 1447 744 1509 Jesus
767 1447 972 1498 Christus
994 1469 1004 1497 :
1038 1447 1187 1499 Amen
1211 1450 1310 1497 dico
1339 1447 1465 1499 vobis
1483 1486 1498 1509 ,
1527 1464 1621 1496 non

326 1515 607 1581 relinquetur
639 1509 710 1563 liic
747 1514 869 1570 lapis
889 1516 1028 1579 fieper
1058 1514 1254 1580 lapidem
1280 1515 1355 1582 qui
1383 1532 1475 1565 non
1513 1513 1619 1580 def-

339 1596 541 1633 truatur.
590 1581 758 1631 Matth.
778 1581 977 1644 XXIV,
1004 1604 1048 1632 z.

397 1650 658 1713 Ararroque
676 1647 867 1712 foedam.
898 1649 968 1698 Ex
997 1649 1076 1699 usu
1099 1649 1336 1700 Romano.
1374 1648 1486 1697 Inde
1512 1646 1621 1697 sane

329 1716 388 1764 R.
411 1715 565 1765 Moses
598 1716 940 1765 Maiemonides
964 1757 976 1778 ‚
1014 1717 1201 1766 Kalaka
1224 1726 1429 1774 ΠῚἾἈῙΠ
1456 1734 1557 1781 cap.
1577 1727 1628 1777 5,ss

331 1799 501 1846 num.3
525 1821 538 1843 ‚
561 1785 772 1848 quintam
796 1785 957 1844 jejunii
981 1786 1127 1848 quinti
1146 1783 1310 1830 menfis
1331 1822 1344 1843 ‚
1370 1781 1442 1842 seu
1455 1782 1621 1830 meniis

328 1849 438 1911 Ab,
479 1849 660 1897 causam
693 1847 853 1908 affert,
890 1849 1017 1916 quod
1056 1849 1219 1912 impius
1249 1848 1433 1897 Turnus
1465 1847 1622 1911 Rufus

328 1933 387 1965 ex
422 1915 604 1982 regibus
646 1913 861 1963 Idumaeis
896 1915 1050 1964 aravit
1091 1914 1242 1978 templi
1268 1913 1415 1980 fhlum
1455 1913 1504 1964 ἓν
1536 1931 1620 1976 per

328 1981 569 2031 circuitum
590 1981 704 2046 ejus.
729 1979 799 2029 Ex
820 1999 950 2030 more
971 1981 1290 2031 Rabbinorum
1314 2021 1326 2043 ,
1363 1983 1442 2049 qui
1474 1980 1619 2049 vulgo

327 2051 522 2097 nomina
556 2050 715 2096 omnia
748 2048 1038 2114 depravant,
1067 2049 1284 2098 Turnum
1320 2048 1492 2098 Rufum
1529 2067 1620 2113 pro

326 2114 550 2165 Terentio
571 2113 695 2164 Rufo
713 2155 726 2175 ‚
754 2115 809 2163 de
830 2134 924 2182 quo
947 2113 1137 2182 Joseph.
1153 2117 1269 2165 Bell.
1287 2115 1395 2168 Jud.
1418 2114 1511 2165 VII
1532 2154 1544 2174 ,
1562 2134 1585 2162 2.
1605 2154 1621 2175 ‚

326 2181 439 2230 dixit
467 2181 823 2230 Maiemonides.
870 2183 1054 2249 Regum
1093 2200 1281 2251 quoque
1308 2182 1616 2230 Idumaeorum

325 2250 518 2296 nornine
540 2249 846 2314 Imperatores
876 2249 1117 2299 Romanos
1142 2249 1408 2317 designavit.

390 2379 520 2430 CAP.
536 2380 716 2430 XLIII.
738 2381 1030 2449 Praemiisque
1057 2381 1245 2432 ata-ollis.
1271 2381 1414 2430 Hanc
1434 2382 1626 2431 Roma-·

327 2463 496 2495 norum
516 2447 890 2500 consuetudinem
915 2451 1068 2499 laudat
1088 2448 1337 2515 plurimum
1358 2447 1586 2515 josephus
1600 2486 1618 2509 ,

327 2513 663 2577 Be11.Jud.VIJ
685 2555 696 2576 ‚
728 2534 741 2562 t
769 2555 781 2577 ,
804 2535 912 2580 11·3·
944 2518 1023 2565 Ait
1039 2516 1199 2565 Titum
1222 2534 1299 2563 eos
1320 2516 1507 2564 donafle
1532 2533 1619 2563 co-

328 2582 455 2628 ronis
475 2584 620 2630 aureis
637 2622 650 2643 ,
671 2584 906 2649 torquibus
929 2585 1073 2632 aureis
1094 2623 1104 2642 ,
1129 2583 1261 2630 hastis
1276 2583 1430 2648 longis
1454 2584 1617 2641 aureis,

330 2645 558 2717 fignisque
577 2666 771 2718 argento
790 2648 920 2700 sacris
933 2690 947 2713 ,
968 2657 1011 2699 &
1033 2647 1382 2715 uniuscujusque
1399 2648 1613 2698 ordinem
