1720 3184
98 740 164 799 θ

420 169 535 238 196
620 162 1017 223 Appnme
1067 182 1541 233 CHRoNoLoc:

191 303 385 326 Μ
410 290 444 314 ο)
459 284 791 323 revocentur
845 271 903 322 &
956 261 1370 324 observantiam
1414 292 1426 326 :
1479 267 1693 333 secutus

182 346 235 391 A·
255 349 305 386 U.
326 347 380 387 C.
409 348 634 406 »animi
656 346 771 405 mei
793 346 1265 428 integritudinem
1293 372 1422 431 erga
1444 354 1690 434 optimos

226 415 334 467 857,

222 490 262 531 J.
297 494 347 533 C.

161 606 169 610 -
227 570 341 619 2104·

144 833 169 856 Α

156 868 175 882 ᾳ

408 428 912 514 »ΗάεΙίΠὶιηοΓεῃιε
958 432 1377 493 commilitones
1412 482 1430 506 ,
1479 434 1690 520 fimpli-

406 515 607 574 »citati
643 536 844 573 eorum
881 514 1300 577 consulendum
1334 518 1640 580 existimavi
1670 569 1689 596 ,

400 620 509 658 mut
543 600 777 681 quoquo
815 598 991 657 modo
1031 601 1209 660 testati
1248 598 1475 662 fuissent
1503 650 1519 676 ‚
1569 626 1685 666 rata

397 681 581 743 2>effet
636 705 835 742 eorum
886 683 1159 746 voluntas.
1244 686 1465 745 Faciant
1516 689 1686 770 igitur

396 797 432 827 a>
446 768 776 828 testamenta
793 791 1024 849 quoquo
1044 767 1221 827 modo
1236 769 1454 829 volent:
1477 767 1684 834 faciant

393 851 737 932 :aquomodo
769 855 1017 934 poterint
1043 876 1059 929 3
1103 849 1448 935 sufficiatque
1474 855 1544 914 ad
1573 856 1683 915 bo-

393 958 646 999 nonorum
694 934 922 994 suorum
975 935 1310 995 divisionem
1358 936 1680 1001 faciendam

392 1020 591 1079 aonuda
611 1018 867 1085 voluntas
890 1021 1160 1078 testatoris
1173 1049 1204 1073 a>
1219 1066 1231 1079 .

178 1120 372 1157 ΞΕ·
486 1106 753 1164 T1BER10
777 1106 812 1167 J
816 1102 932 1162 ulio
955 1103 1221 1163 Candido
1245 1106 1298 1163 H
1314 1151 1331 1177 ,
1352 1102 1504 1164 Aulo
1525 1105 1554 1167 J
1563 1103 1678 1165 ulio

170 1181 222 1222 A.
245 1183 294 1220 U·
316 1182 366 1222 C.
396 1188 690 1264 Quadrato
711 1190 765 1245 11
792 1186 1129 1247 consulibus,
1153 1190 1316 1247 Dum
1340 1187 1680 1270 exspesstatur

216 1251 329 1301 858.

206 1327 244 1366 J.
288 1328 337 1367 C.

225 1404 331 1452 105.

396 1296 549 1333 mare
574 1321 591 1346 ,
636 1293 697 1331 ut
721 1273 995 1352 Trajanus
1027 1273 1086 1330 in
1117 1272 1358 1330 Daciam
1392 1271 1678 1333 transmit-
1719 1325 1720 1328 ,

395 1379 538 1417 teret
562 1406 578 1430 ,
626 1355 828 1415 venere
861 1355 1030 1414 Plinii
1054 1355 1225 1415 literae
1250 1403 1267 1428 ,
1305 1380 1425 1437 quae
1450 1356 1521 1416 de
1545 1380 1676 1439 pro-

394 1439 643 1525 topraxia
669 1441 962 1499 civitatum
989 1486 1006 1511 ‚
1045 1440 1116 1498 de
1147 1462 1340 1498 earum
1366 1439 1676 1521 largitioni-

391 1526 495 1585 bus
518 1574 534 1598 ‚
566 1525 638 1585 de
662 1525 899 1584 introitu
924 1523 1295 1584 decurionum
1313 1572 1331 1597 ,
1358 1523 1430 1584 de
1451 1523 1675 1587 sollem-

388 1611 553 1670 nibus
591 1607 1017 1670 invitationibus
1049 1608 1479 1691 interrogarent.
1532 1608 1675 1669 Res-

392 1693 596 1778 pondit
642 1694 702 1752 in
747 1691 1032 1752 summam
1077 1693 1303 1774 imperii
1349 1691 1627 1754 securitati
1654 1741 1673 1768 ‚

392 1779 688 1838 civitatum
746 1777 1067 1856 civiumque
1115 1775 1371 1844 felicitati
1420 1776 1630 1837 consuli
1653 1801 1684 1857 3.

389 1862 532 1921 nihil
556 1909 572 1932 ,
609 1859 710 1920 nisi
732 1858 948 1919 neceffe
966 1908 982 1932 ‚
1019 1861 1212 1919 novari
1233 1907 1248 1932 ,
1285 1884 1358 1920 ne
1381 1858 1528 1920 foret
1551 1883 1672 1942 per-

388 1945 697 2005 turbationi
743 1943 913 2003 locuS.
995 1943 1334 2025 Singulaque
1387 1942 1670 2027 figillatim

385 2029 652 2089 evolvens
684 2076 699 2102 ,
758 2026 938 2087 voluit
996 2055 1027 2077 cc
1052 2026 1466 2111 protopraxian]
1499 2077 1517 2101 ,
1575 2028 1669 2090 seu

381 2121 441 2194 »ᾗ
451 2136 509 2172 us
533 2161 549 2185 ‚
574 2136 688 2194 quo
715 2112 964 2171 civitates
991 2111 1049 2175 in
1073 2111 1361 2195 exigendis
1383 2114 1667 2195 pecuniis,

381 2219 547 2276 :nquae
577 2194 701 2279 ipfis
727 2195 1078 2255 debebantur
1102 2243 1119 2267 ,
1157 2196 1353 2257 ceteris
1376 2196 1666 2257 creditori·

382 2280 530 2340 „bus
563 2278 1050 2361 anteponebantur
1074 2326 1091 2350 ,
1137 2302 1202 2345 ex
1233 2280 1358 2362 lege
1399 2280 1668 2362 cujusque.¹

381 2364 666 2426 scivitatis
704 2363 994 2424 testimari:
1044 2362 1081 2422 fi.
1120 2363 1395 2424 haberent
1434 2365 1662 2444 privile-

378 2450 585 2530 aegium
608 2496 623 2520 ,
666 2471 779 2529 quo
810 2468 1316 2530 anteponerentur,
1360 2449 1658 2508 custodiri:

379 2532 464 2590 ansi
497 2534 627 2592 vero
666 2555 782 2592 non
812 2531 1129 2603 habebant,
1169 2531 1227 2590 in
1256 2531 1518 2612 injuriam
1546 2533 1655 2618 pri-
1718 2567 1720 2587 ;

380 2648 415 2684 ,azo
428 2638 684 2687 vatorum
703 2618 763 2681 id
776 2639 892 2678 non
909 2616 1029 2680 dari
1044 2645 1076 2672 κ
1089 2662 1101 2678 .
1121 2616 1397 2680 Mandata
1415 2663 1433 2693 ,
1456 2616 1653 2702 quibus
