1672 3174
336 148 469 213 -316
576 142 643 198 IN
693 141 1172 199 SUPPLEMENTUM
1219 140 1346 196 Lm.
1381 136 1457 201 V.

346 238 438 285 diei
465 237 645 288 horam.
697 236 890 302 joseph.
924 236 1016 284 loc.
1043 238 1117 284 cit.
1167 235 1296 304 Ergo
1332 239 1412 287 illa
1449 242 1628 305 eruptio

344 303 467 353 faffra
497 306 569 353 die
597 323 651 362 17
682 303 790 357 Julii
809 340 824 363 ,
855 301 959 351 curn
983 303 1066 351 Sol
1095 303 1153 351 ad
1183 302 1392 352 occasum
1417 310 1629 370 proxime

343 389 571 437 vergeret.
607 370 752 418 Mons
780 385 933 418 autern
954 368 1282 419 OliVarum'est
1303 372 1357 418 ad
1382 371 1629 422 Orientem¹

344 438 467 486 urbis
491 434 742 489 Jerusalem
757 476 771 498 ‚
795 436 1027 485 altissimus
1042 475 1055 497 ‚
1082 443 1124 485 &
1145 437 1266 486 unde
1284 456 1383 485 non
1402 441 1451 486 in
1470 440 1629 487 urbem

344 503 523 553 tannim
547 542 560 562 ‚
600 501 746 551 sedin
771 522 932 552 omnes
960 502 1131 551 circum
1165 522 1355 569 campos
1387 505 1475 552 late
1503 520 1629 571 patet

338 568 630 636 prospeecus.
671 569 815 618 Haud
839 572 1004 636 procul
1028 589 1055 618 a
1084 588 1242 619 monte
1267 570 1513 619 Olivarum
1533 611 1546 632 ,
1571 588 1651 620 ex·

340 655 438 694 quo
471 635 598 689 Jesus
631 636 836 685 Christus
867 641 915 685 in
948 638 1081 685 caelos
1117 635 1348 698 ascendit,
1385 639 1447 685 est
1469 637 1628 687 hortus

341 694 645 752 Gethsemani
670 742 682 763 ‚
724 704 799 752 ubi
834 721 861 752 a
886 703 1008 757 Juda
1032 706 1115 752 fuit
1135 704 1342 768 proditus
1368 710 1412 752 ὃ(
1449 720 1625 771 captus·

339 769 509 818 Matth.
543 769 752 831 XXVI,
784 778 877 834 365
906 770 1046 823 Joan.
1068 770 1267 832 XVIII,
1299 791 1344 818 2.

317 892 320 894 ,
405 834 531 900 Ριιζίὶ
543 834 986 900 ῥαέὶὶᾳαειΝεηλῑ
1012 836 1241 903 Josepbus
1271 839 1362 885 loc.
1382 839 1456 886 cit.
1485 836 1624 902 pulsis

339 917 449 951 tunc
471 902 640 956 Judaeis
657 941 670 963 ‚
693 902 951 952 Pedanium
973 922 1026 951 ex
1049 905 1119 952 ala
1141 907 1348 971 equitum
1367 943 1380 964 ‚
1414 920 1625 951 currente

337 987 462 1037 equo
490 1009 503 1030 ‚
536 972 600 1018 ita
644 985 799 1018 tamen
835 968 878 1017 se
910 969 1144 1019 inclinasse
1171 1010 1184 1031 ‚
1224 986 1270 1018 ut
1301 970 1513 1023 Judaeum
1550 969 1627 1018 fu·-

338 1040 546 1103 gientem
565 1075 578 1097 ,
600 1037 816 1099 juvenem
837 1037 1022 1104 quidem
1042 1076 1054 1098 ,
1076 1036 1151 1085 sed
1169 1055 1365 1102 corpore
1386 1036 1587 1084 validum
1609 1075 1624 1098 ‚

335 1111 383 1151 δε
415 1105 552 1152 armis
576 1103 781 1171 undique
813 1102 990 1169 septum
1010 1143 1024 1164 ,
1059 1104 1152 1151 talo
1185 1102 1621 1168 comprehenderit,

338 1173 669 1237 captivumque
696 1170 754 1218 ad
779 1170 941 1218 Titum
971 1172 1134 1219 tulerit.
1176 1169 1321 1234 Quod
1356 1169 1533 1235 puerile
1574 1176 1620 1217 &

334 1236 524 1285 historia
558 1237 821 1302 indignum.
886 1236 977 1284 Sed
1002 1275 1016 1297 ‚
1051 1253 1098 1284 ut
1136 1237 1245 1285 alias
1288 1239 1382 1298 jam
1422 1239 1623 1298 monui,

335 1305 480 1351 multa
519 1302 616 1351 sunt
650 1306 700 1350 in
727 1301 935 1368 Josepho
963 1342 974 1364 ‚
1014 1320 1114 1370 quae
1147 1303 1400 1351 laudaveris
1428 1342 1439 1362 ‚
1477 1303 1623 1354 multa

336 1387 527 1438 quoque
547 1388 648 1438 quae
668 1388 849 1438 arguas.
881 1369 1160 1434 Exemplum
1181 1368 1410 1418 adduxisse
1434 1369 1483 1417 sit
1503 1367 1622 1418 satis.

406 1503 786 1555 CAP.XXXIV.
807 1502 1159 1568 Ingravescehac
1171 1502 1473 1566 fames.Quae
1496 1470 1620 1553 taxita

333 1587 430 1622 erat
444 1610 456 1632 ,
478 1588 525 1620 ut
539 1569 779 1619 esurientes
795 1571 822 1625 J
829 1571 942 1619 ndaei
961 1572 1138 1619 cloacas
1160 1573 1430 1618 rimarentur
1445 1610 1457 1631 ,
1476 1571 1620 1619 boum

331 1641 532 1688 stercora
579 1639 761 1704 aliaque
809 1638 1040 1686 horrenda
1086 1640 1136 1686 in
1197 1638 1324 1685 cibos
1379 1653 1620 1687 verterent·

334 1705 657 1770 joseph.Bell.
675 1704 859 1765 Jud.V‚
886 1722 937 1767 13
964 1744 977 1765 ‚
994 1723 1123 1752 num.
1139 1721 1183 1762 7.
1206 1704 1619 1771 AntequamTitns

332 1774 494 1820 urbem
514 1790 647 1818 muro
671 1773 1063 1831 circumvallaret,
1085 1769 1267 1818 modius
1286 1771 1509 1821 frumenti,
1521 1773 1617 1831 jam

330 1842 536 1887 venierat
573 1838 744 1885 talento
773 1876 785 1896 ,
836 1836 1037 1885 Gallicae
1071 1853 1267 1884 monetae
1297 1837 1420 1883 libris
1456 1841 1616 1896 8‚700.

329 1904 586 1971 Josephus‚
603 1903 715 1952 ibid.
736 1903 845 1951 Alia
866 1903 998 1967 plura
1024 1903 1080 1950 de
1101 1902 1187 1950 hac
1205 1901 1327 1951 fame
1352 1902 1383 1949 fi
1402 1905 1618 1966 volueris,

331 1972 438 2021 vide
457 1970 713 2036 josephum
734 2008 747 2031 ‚
779 1970 895 2017 Bell.
914 1968 1022 2022 Jud.
1043 1969 1108 2030 V,
1137 1984 1195 2016 10
1220 1976 1264 2016 &
1291 1987 1379 2032 123
1415 1969 1518 2030 VI,
1557 1987 1577 2034 3
1601 2008 1616 2032 ,

333 2057 465 2087 num.
492 2056 536 2101 3.
1671 2083 1672 2092 ,

398 2105 623 2154 Matrem.
674 2103 877 2154 Mariam
911 2103 1102 2149 nomine
1124 2141 1136 2162 ,
1172 2101 1395 2151 feminam
1432 2105 1615 2169 origine
1670 2106 1672 2119 '

328 2172 557 2221 nobilem.
590 2168 818 2236 Josephus
840 2209 853 2231 ‚
887 2169 1002 2217 Bell.
1045 2167 1153 2221 Jud.
1186 2169 1282 2229 VI,
1321 2188 1341 2233 3
1371 2209 1384 2231 ‚
1415 2188 1543 2217 num.
1568 2188 1614 2228 4.

333 2239 483 2303 Quod
508 2238 582 2285 ubi
609 2238 845 2302 vulgatum
863 2274 875 2293 ,
905 2251 1052 2304 tantus
1081 2234 1165 2283 fuit
1186 2239 1234 2284 in
1259 2237 1472 2284 omnibus
1496 2236 1612 2283 hor-

331 2309 448 2354 roris
481 2303 628 2352 sensus
651 2341 662 2361 ,
705 2320 749 2350 ut
780 2309 822 2349 δε
851 2301 985 2349 Titus
1013 2302 1133 2348 urbis
1153 2341 1164 2360 ‚
1203 2305 1249 2350 in
1280 2301 1481 2350 nefanda
1513 2301 1612 2350 sce-

328 2373 481 2420 lerum
502 2371 706 2417 monstra
727 2368 985 2416 ferocientis
1005 2406 1017 2426 ‚
1054 2368 1281 2416 excidium
1306 2366 1532 2430 sanxerit3
1566 2374 1611 2416 &
1668 2422 1672 2438 ἱ

323 2437 414 2504 ipsi
438 2439 466 2491 J
473 2437 583 2485 udaei
601 2476 612 2496 ,
646 2435 766 2483 fame
783 2433 915 2499 preffi
935 2474 946 2494 ‚
972 2433 1028 2481 ad
1048 2451 1245 2482 mortem
1272 2450 1612 2500 properarent,
1667 2443 1672 2454 ¹

333 2504 580 2572 beatosque
625 2501 952 2567 praedicarent‚
1003 2503 1082 2567 qui
1120 2501 1224 2549 ante
1263 2503 1608 2561 occubuerant,
1667 2554 1672 2563 ⁵

369 2573 475 2619 uam
523 2571 628 2619 talia
674 2585 749 2617 aut
793 2566 886 2615 visu
929 2606 941 2627 ,
985 2584 1060 2615 aut
1097 2568 1252 2616 auditu
1278 2609 1289 2629 ,
1328 2570 1606 2633 acciperent.

331 2590 525 2705 choseph.
550 2635 659 2686 ibid.
707 2636 784 2685 Sic.
816 2634 1149 2700 adimplebatur
1181 2635 1306 2702 quod
1337 2634 1608 2700 praedixerat
