1672 3174
226 144 787 202 *rus-ro'ruARuM
844 138 1083 200 NoTAE.
1189 138 1308 221 315³

25 261 29 265 ’
91 235 318 292 Romanis
340 239 464 290 adire
483 237 629 301 nefaS.
661 237 888 305 josephus
912 279 925 302 ‚
964 239 1074 289 ibid.
1104 256 1231 288 num.
1256 259 1304 300 4.

86 372 212 421 cip.
231 370 448 420 XXXII.
474 369 647 419 Struffbi
667 387 881 438 aggeres.
914 370 1129 435 Quatuor
1149 372 1305 420 struffl

23 450 218 505 aggeres
241 459 251 486 τ
280 455 396 486 unus
421 453 581 484 contra
601 439 828 485 interioris
854 438 1013 503 templi
1044 439 1270 504 angulum
1289 476 1305 498 ,

25 507 106 571 qui
144 505 201 553 ad
238 505 627 571 Septemtrionem
661 502 1000 571 Orientemque
1035 502 1266 569 speciabat
1289 521 1305 551 t

22 570 236 620 alterad
278 570 492 619 exedram
537 569 970 633 Septemtrionalem
997 609 1009 630 ‚
1046 588 1146 637 quae
1185 573 1308 619 intet

22 637 136 686 duas
164 653 322 702 portas
354 653 447 685 erat
472 654 482 682 ε
523 637 676 684 tertius
715 652 875 684 contra
903 639 1133 700 porticum
1155 635 1308 685 Occi-

15 704 253 752 =dentalern
284 704 517 752 exterioris
551 703 712 767 templi
739 723 748 750 :
777 718 962 769 quartus
989 720 1150 750 contra
1177 702 1308 769 Sep-

27 772 365 819 temtrionalem
399 771 645 835 porticum.
701 769 756 816 In
796 769 864 816 his
897 785 1049 817 autem
1084 769 1310 817 struendix

25 838 250 903 plurimus
281 836 364 885 fuit
394 836 526 883 labor
549 873 562 896 ,
605 831 734 902 quod
764 837 961 883 materiae
996 853 1022 883 a
1057 835 1306 882 centefimo

24 901 168 967 usque
200 903 342 950 stadio
375 901 514 950 esseut
549 901 912 965 comportandae.
964 900 1155 966 Joseph.
1195 902 1307 949 ibid.

27 987 155 1017 num.
181 986 228 1027 7.
267 968 402 1018 Adeo
435 971 587 1016 vicina
613 967 953 1035 Hierosolymis
986 968 1091 1016 loca
1126 968 1308 1017 fuerant

27 1038 213 1085 vastata.
269 1034 394 1084 Cum
433 1034 490 1082 ad
531 1036 691 1082 turrim
732 1034 993 1083 Antoniam
1037 1035 1313 1083 struerentur

28 1119 223 1169 aggeres
246 1140 259 1161 ‚
293 1102 350 1149 de
384 1101 546 1168 quibus
575 1101 748 1148 dierum
782 1100 914 1166 supra}
946 1118 1050 1166 cap.
1084 1119 1142 1164 30
1166 1140 1179 1161 ‚
1215 1102 1314 1163 jam

25 1171 265 1234 asportatae
298 1167 478 1216 fuerant
512 1169 710 1214 materia:
746 1185 773 1215 a
804 1168 1107 1233 nonagefimo
1136 1168 1310 1228 stadio,

28 1236 90 1284 ad
121 1235 168 1282 id
197 1233 390 1300 spatium
417 1233 595 1281 attonsa&
615 1232 819 1300 undique
841 1237 960 1281 circa
979 1233 1311 1301 Hierosolyma

22 1303 240 1369 regione.
276 1299 504 1365 Josephus
526 1339 538 1361 ‚
574 1300 688 1348 Bell.
710 1299 817 1352 Jud.
837 1300 907 1351 VI
924 1339 937 1360 ‚
978 1316 996 1347 Ι
1019 1340 1031 1361 ,
1064 1319 1196 1350 num.
1223 1320 1264 1349 1.

100 1367 478 1432 Propinquatum.
535 1366 778 1433 Multaque
821 1369 1008 1416 tentavit
1046 1367 1216 1427 Titus,
1263 1380 1314 1414 ut

34 1434 268 1489 Joannem
305 1434 363 1480 ad
401 1432 683 1481 deditionem
715 1432 973 1481 adduceret.
1019 1433 1110 1481 Sed.
1147 1435 1183 1481 is
1221 1448 1318 1481 erat

33 1503 83 1550 in
107 1501 200 1548 dies
225 1500 507 1547 obstinatior.
543 1498 693 1545 Multa
725 1515 876 1546 tamen
905 1500 1030 1547 fuere
1048 1499 1319 1552 Juclaeorum

0 1566 2 1612 ζ
40 1566 308 1633 transfugia.
360 1563 550 1631 joseph.
582 1564 698 1612 Bell.
726 1563 834 1617 Jud.
858 1566 963 1626 VI,
992 1586 1015 1614 2
1042 1605 1054 1627 ‚
1091 1584 1220 1617 num.
1262 1583 1280 1613 1
1304 1603 1323 1629 ,

39 1653 64 1683 2
97 1641 142 1682 &
167 1651 210 1696 3.

105 1696 354 1764 Lec‘liffimci
376 1695 568 1745 militum
593 1713 748 1745 manu.
779 1695 912 1746 Lee'li
943 1715 966 1746 e
991 1697 1175 1764 singulis
1208 1717 1321 1747 cen-

37 1768 163 1815 turiis
200 1765 360 1813 triceni
388 1764 552 1811 milites
587 1763 899 1823 strenuissimi,
935 1770 979 1811 δε
1014 1767 1214 1813 attributi
1237 1783 1322 1831 per

33 1831 216 1899 lingula
234 1848 394 1878 eorum
415 1829 560 1877 millia
581 1830 764 1879 tribuni.
798 1829 988 1896 Joseph.
1004 1831 1112 1879 ibid.
1134 1851 1262 1880 num.
1280 1848 1328 1892 5.

107 1898 237 1949 Hora
262 1894 403 1945 norflis
427 1898 563 1943 ηοηᾶ.
586 1895 702 1943 Haec
725 1896 842 1944 hora
868 1916 964 1944 uon
985 1896 1127 1945 modo
1151 1898 1324 1947 insidiis

35 1978 313 2030 opportuna
337 1999 350 2020 ,
389 1961 463 2008 sed
493 1961 550 2008 ad
578 1979 786 2026 pugnam
817 1979 1004 2026 quoque
1041 1964 1253 2028 expedita
1276 1967 1328 2012 in

46 2033 116 2080 his
152 2029 248 2078 caeli
277 2044 496 2093 terraeque
522 2026 775 2074 ardoribus.
818 2028 1006 2075 Subiere
1043 2045 1193 2077 autem
1224 2030 1331 2077 Ro·-

49 2099 175 2147 mani
200 2134 213 2156 ,
251 2110 299 2143 ut
322 2111 376 2141 ex
397 2108 686 2142 narratarum
706 2109 859 2141 rerum
884 2092 994 2143 serie
1020 2095 1221 2157 videtur,
1257 2096 1332 2146 die

54 2181 106 2225 15
143 2162 270 2216 Julii.

115 2228 279 2294 Signo.
313 2227 509 2294 Signum
530 2265 544 2288 ‚
579 2225 744 2276 l'ordre
763 2263 780 2288 ,
818 2224 858 2274 le
886 2239 983 2275 mot.
1008 2226 1067 2276 du
1094 2241 1210 2295 guez*
1234 2267 1247 2289 ‚
1284 2243 1335 2278 ut

39 2295 168 2362 lsaepe
201 2294 373 2342 dieium
408 2295 487 2342 est.

121 2360 350 2428 Quintam
368 2357 457 2408 diez·
478 2357 646 2410 horam.
675 2357 901 2426 Josephus
922 2398 936 2421 ,
963 2359 1077 2408 Bell.
1100 2360 1208 2413 Jud.
1228 2360 1302 2411 VI
1321 2374 1339 2422 ,·

44 2444 84 2478 (2
111 2467 123 2489 ,
155 2445 281 2474 num.
317 2432 360 2474 6.

121 2492 295 2542 Acrists
314 2489 491 2557 institit.
511 2488 701 2556 Joseph.
719 2490 833 2537 Bell.
848 2491 1053 2552 Jud.VI‚
1076 2512 1098 2539 2
1117 2531 1128 2552 ‚
1148 2510 1275 2539 num.
1295 2497 1340 2540 8.

124 2557 333 2607 Montem
355 2555 611 2606 Olivarum.
652 2555 857 2620 Erupere
889 2557 1034 2609 Judaei
1061 2559 1198 2605 altera
1231 2558 1305 2606 die
1325 2597 1338 2619 ,

53 2626 314 2693 ⁴postquam
339 2621 632 2677 ascenderant
653 2622 887 2684 Romani,
911 2626 1032 2672 circa
1050 2623 1340 2673 undecimam

1051 2687 1179 2754 οη·
