1720 3184
333 147 1144 208 DOMITIANUS.
1268 164 1379 222 107

106 270 297 334 preces
341 247 621 308 iteraffent
647 294 664 319 ‚
702 243 832 305 caefi.
918 243 1234 316 Germani,
1276 245 1379 304 hac
1407 249 1599 304 Ξ

108 334 395 393 atrocitate
432 333 489 389 in
521 330 772 389 furorem
809 327 945 387 verfi
969 376 986 400 ‚
1023 327 1241 387 bellum
1269 328 1378 388 sus-
1402 325 1468 441 A⁰8
1472 328 1521 366 U·
1543 329 1598 370 C.

1477 411 1555 451 42·

1438 475 1476 515 J.
1503 479 1552 517 C.

1456 554 1535 602 89«

107 416 319 497 cipiunt
344 439 360 493 3
401 413 684 494 visstusque
709 422 765 473 &
790 413 849 470 in
876 410 1067 495 fugam
1097 417 1380 492 conjeehts

107 500 490 558 Domitianus,
557 499 670 556 Res
728 494 943 554 felicius
1003 493 1270 555 cefferant
1321 496 1380 556 in

104 581 300 641 Dacia.
323 581 574 646 Julianus
592 627 608 652 ,
630 600 746 639 arte
768 577 889 637 usus
910 600 969 637 ut
984 581 1380 639 Romanorum

106 666 323 724 animos
349 666 561 748 pudore
588 664 827 745 erigeret
850 710 865 734 ‚
901 661 1125 742 jufferat
1171 664 1382 724 milites

106 747 197 808 sua
229 757 286 809 &
319 750 711 807 centurionum
741 747 977 804 nomina
998 744 1161 804 scutis
1185 747 1383 807 inscri-

106 832 256 892 bere.
303 834 460 891 Tum
484 880 501 904 ,
543 831 674 890 cum
699 851 848 890 certa
869 828 1003 889 effer
1024 830 1196 890 virtus
1218 879 1235 903 ‚
1274 854 1381 891 nec

103 914 324 977 occulta
376 916 600 998 ignavia
635 963 651 987 ‚
707 915 886 973 hostes
931 912 1207 996 aggressus
1254 916 1331 974 est
1365 962 1384 988 ,

102 999 369 1081 gravique
392 999 550 1059 clade
571 1022 663 1059 eos
681 998 932 1081 perculit.
957 999 1206 1058 Vezinas
1222 1045 1240 1071 ,
1262 1001 1383 1081 post

101 1083 496 1164 Diurpaneum
522 1084 849 1143 auetoritate
874 1081 1018 1164 apud
1042 1084 1230 1142 Dacos
1250 1105 1384 1165 prae-

102 1168 294 1247 cipuus
330 1215 347 1239 ‚
404 1166 655 1226 fimulata
702 1187 887 1226 morte
919 1212 937 1238 ,
994 1165 1204 1225 deinde
1246 1165 1383 1249 fuga

94 1249 335 1311 >salutem
365 1274 608 1332 quaerere
647 1255 883 1310 coaetus.
929 1253 996 1308 In
1020 1248 1181 1333 ipsius
1218 1253 1384 1334 regiae

99 1337 576 1418 expugnationem
621 1335 804 1394 ibatur
843 1382 859 1406 ‚
918 1335 977 1392 ni
1021 1335 1383 1417 Diurpaneus

99 1416 316 1478 hostem
345 1466 360 1491 ‚
406 1443 580 1500 quem
612 1421 666 1477 vi
690 1419 958 1499 repellere
980 1441 1097 1476 non
1124 1439 1380 1499 poterat,

94 1503 215 1562 astu
238 1501 488 1562 elufiffet.
517 1502 681 1563 Caefis
706 1502 859 1561 enim
882 1501 1169 1562 arboribus
1185 1550 1201 1574 ‚
1228 1522 1382 1562 trun-

95 1609 190 1645 cos
225 1588 392 1645 armis
422 1586 643 1659 induit,
685 1584 1080 1666 numerofique
1108 1586 1382 1647 exercitiis

94 1667 233 1729 fecit
284 1669 529 1754 speciem
565 1718 583 1743 ‚
648 1667 758 1751 qua
806 1669 1073 1752 deceptus
1123 1670 1380 1733 Julianus

96 1753 324 1814 receffir.
377 1754 655 1814 Manebat
685 1774 878 1814 tamen
909 1755 1106 1837 prioris
1133 1755 1381 1815 vietoriae

91 1835 265 1897 fama.
305 1838 379 1897 Εὲι
405 1837 527 1898 usus
551 1840 626 1898 est
650 1839 1016 1897 Domitianus
1040 1886 1057 1911 ,
1101 1858 1163 1897 ut
1189 1836 1246 1896 se
1279 1837 1380 1898 suo

94 1921 376 1982 dedecore
419 1921 761 2000 exsolveret3
803 1920 1060 2005 pacisque
1100 1921 1381 1981 conditio-

90 2027 194 2063 -nes
237 2014 294 2065 δε
339 2027 471 2087 opes
519 2004 727 2063 obtulit
761 2052 776 2076 ,
836 2029 970 2085 quas
1017 2005 1379 2087 Diurpaneus

93 2087 245 2147 ultro
294 2089 507 2172 accepit
539 2136 554 2160 ‚
609 2088 862 2147 diuturni
908 2087 1044 2147 belli
1091 2088 1380 2150 laboribus

92 2170 260 2231 fessus
285 2220 300 2244 ,
341 2181 399 2233 &
442 2171 600 2232 clade
642 2197 673 2231 a
713 2172 939 2236 Juliano
974 2171 1129 2230 illata
1167 2173 1377 2234 anxius,

93 2256 468 2338 Colloquium
497 2279 688 2317 tamen
716 2280 846 2316 cum
872 2257 1129 2338 Principe
1154 2258 1340 2316 renuit
1362 2281 1376 2315 z

94 2339 192 2399 sed
215 2339 447 2401 fratrem
474 2340 634 2400 suum
649 2341 864 2424 Diegin
881 2340 1030 2400 mifit
1048 2388 1064 2412 ‚
1095 2341 1193 2420 qui
1214 2362 1375 2422 capta

90 2447 250 2483 arma
271 2473 286 2497 ‚
328 2424 639 2508 paucosque
665 2428 909 2507 caprivos
932 2474 949 2499 ‚
986 2422 1136 2506 quasi
1176 2425 1235 2481 hi
1266 2423 1374 2482 soli

96 2531 388 2569 manerent
410 2558 427 2584 ‚
463 2512 724 2570 traderet.
771 2513 930 2569 Tum
961 2508 1328 2568 Domitianus
1349 2553 1371 2581 ‚

91 2605 159 2655 ut
201 2593 412 2671 vietor,
453 2616 804 2682 regnumque
842 2595 1107 2663 daturum,
1152 2590 1371 2678 Diegin

1018 2678 1158 2759 Evj
