<?xml version="1.0" encoding="UTF-8"?>
<!DOCTYPE html PUBLIC "-//W3C//DTD XHTML 1.0 Transitional//EN"
    "http://www.w3.org/TR/xhtml1/DTD/xhtml1-transitional.dtd">
<html xmlns="http://www.w3.org/1999/xhtml" xml:lang="en" lang="en">
 <head>
  <title>
</title>
<meta http-equiv="Content-Type" content="text/html;charset=utf-8" />
  <meta name='ocr-system' content='tesseract 3.04.00' />
  <meta name='ocr-capabilities' content='ocr_page ocr_carea ocr_par ocr_line ocrx_word'/>
</head>
<body>
  <div class='ocr_page' id='page_1' title='image "./ccorneliitacitio05taci_0433.png"; bbox 0 0 1672 3174; ppageno 0'>
   <div class='ocr_carea' id='block_1_1' title="bbox 206 139 1388 226">
    <p class='ocr_par' dir='ltr' id='par_1_1' title="bbox 206 139 1388 226">
     <span class='ocr_line' id='line_1_1' title="bbox 206 139 1388 226; baseline -0.005 -16"><span class='ocrx_word' id='word_1_1' title='bbox 206 156 872 210; x_wconf 67' lang='lat' dir='ltr'><strong>‘ennonozochM</strong></span> <span class='ocrx_word' id='word_1_2' title='bbox 933 139 1178 205; x_wconf 44' lang='lat' dir='ltr'><strong>NoTAEff</strong></span> <span class='ocrx_word' id='word_1_3' title='bbox 1263 150 1388 226; x_wconf 70' lang='lat'><strong>423⁴</strong></span> 
     </span>
    </p>
   </div>
   <div class='ocr_carea' id='block_1_2' title="bbox 72 243 1601 2648">
    <p class='ocr_par' dir='ltr' id='par_1_2' title="bbox 105 243 1601 366">
     <span class='ocr_line' id='line_1_2' title="bbox 105 243 1601 313; baseline 0.001 -16"><span class='ocrx_word' id='word_1_4' title='bbox 105 261 166 297; x_wconf 79' lang='lat' dir='ltr'><strong>ex</strong></span> <span class='ocrx_word' id='word_1_5' title='bbox 202 266 288 296; x_wconf 84' lang='lat' dir='ltr'><strong>aere</strong></span> <span class='ocrx_word' id='word_1_6' title='bbox 326 264 484 297; x_wconf 84' lang='lat' dir='ltr'><strong>aurato</strong></span> <span class='ocrx_word' id='word_1_7' title='bbox 506 286 518 308; x_wconf 86' lang='lat'>,</span> <span class='ocrx_word' id='word_1_8' title='bbox 565 247 704 297; x_wconf 83' lang='lat' dir='ltr'><strong>altam</strong></span> <span class='ocrx_word' id='word_1_9' title='bbox 745 245 885 313; x_wconf 87' lang='lat' dir='ltr'><strong>pedes</strong></span> <span class='ocrx_word' id='word_1_10' title='bbox 928 260 1038 294; x_wconf 83' lang='lat' dir='ltr'><strong>xur</strong></span> <span class='ocrx_word' id='word_1_11' title='bbox 1070 243 1224 311; x_wconf 84' lang='lat' dir='ltr'>posuit</span> <span class='ocrx_word' id='word_1_12' title='bbox 1258 264 1601 308; x_wconf 52' lang='lat' dir='ltr'><strong>annossg-„ae</strong></span> 
     </span>
     <span class='ocr_line' id='line_1_3' title="bbox 107 312 1600 366; baseline 0.001 -4"><span class='ocrx_word' id='word_1_13' title='bbox 107 312 406 364; x_wconf 62' lang='lat' dir='ltr'><strong>Pontificatfis</strong></span> <span class='ocrx_word' id='word_1_14' title='bbox 443 313 507 360; x_wconf 88' lang='lat' dir='ltr'><strong>sui</strong></span> <span class='ocrx_word' id='word_1_15' title='bbox 538 330 616 361; x_wconf 86' lang='lat' dir='ltr'><strong>IV.</strong></span> <span class='ocrx_word' id='word_1_16' title='bbox 1404 325 1452 366; x_wconf 81' lang='lat' dir='ltr'><strong>A.</strong></span> <span class='ocrx_word' id='word_1_17' title='bbox 1470 327 1520 365; x_wconf 92' lang='lat' dir='ltr'><strong>U.</strong></span> <span class='ocrx_word' id='word_1_18' title='bbox 1543 326 1600 365; x_wconf 79' lang='lat' dir='ltr'><strong>C·</strong></span> 
     </span>
    </p>

    <p class='ocr_par' dir='ltr' id='par_1_3' title="bbox 107 376 1574 712">
     <span class='ocr_line' id='line_1_4' title="bbox 147 376 1565 440; baseline 0 -12"><span class='ocrx_word' id='word_1_19' title='bbox 147 381 301 429; x_wconf 87' lang='lat' dir='ltr'><strong>·Intra</strong></span> <span class='ocrx_word' id='word_1_20' title='bbox 336 379 592 440; x_wconf 81' lang='lat' dir='ltr'><strong>Trajanam</strong></span> <span class='ocrx_word' id='word_1_21' title='bbox 632 378 896 426; x_wconf 86' lang='lat' dir='ltr'><strong>columnam</strong></span> <span class='ocrx_word' id='word_1_22' title='bbox 936 376 1168 426; x_wconf 83' lang='lat' dir='ltr'><strong>elaborata</strong></span> <span class='ocrx_word' id='word_1_23' title='bbox 1202 378 1265 425; x_wconf 89' lang='lat' dir='ltr'><strong>est</strong></span> <span class='ocrx_word' id='word_1_24' title='bbox 1304 396 1386 427; x_wconf 89' lang='lat' dir='ltr'><strong>co-</strong></span> <span class='ocrx_word' id='word_1_25' title='bbox 1455 396 1565 440; x_wconf 71' lang='lat'><strong>851,</strong></span> 
     </span>
     <span class='ocr_line' id='line_1_5' title="bbox 107 443 1574 513; baseline 0 -18"><span class='ocrx_word' id='word_1_26' title='bbox 107 445 269 507; x_wconf 86' lang='lat' dir='ltr'><strong>chlea,</strong></span> <span class='ocrx_word' id='word_1_27' title='bbox 305 443 448 512; x_wconf 78' lang='lat' dir='ltr'><strong>vulgo</strong></span> <span class='ocrx_word' id='word_1_28' title='bbox 481 445 613 492; x_wconf 88' lang='lat' dir='ltr'><strong>nobis</strong></span> <span class='ocrx_word' id='word_1_29' title='bbox 645 443 828 508; x_wconf 74' lang='lat' dir='ltr'><strong>escalier</strong></span> <span class='ocrx_word' id='word_1_30' title='bbox 861 460 915 492; x_wconf 83' lang='lat' dir='ltr'><strong>en</strong></span> <span class='ocrx_word' id='word_1_31' title='bbox 949 443 1144 508; x_wconf 67' lang='lat' dir='ltr'><strong>limafon</strong></span> <span class='ocrx_word' id='word_1_32' title='bbox 1166 483 1182 506; x_wconf 85' lang='lat'>‚</span> <span class='ocrx_word' id='word_1_33' title='bbox 1216 447 1264 492; x_wconf 88' lang='lat' dir='ltr'><strong>in</strong></span> <span class='ocrx_word' id='word_1_34' title='bbox 1285 447 1385 510; x_wconf 65' lang='lat' dir='ltr'><strong>ipsa</strong></span> <span class='ocrx_word' id='word_1_35' title='bbox 1431 473 1470 512; x_wconf 53' lang='lat' dir='ltr'><strong>J·</strong></span> <span class='ocrx_word' id='word_1_36' title='bbox 1517 472 1574 513; x_wconf 37' lang='lat' dir='ltr'><strong>C«</strong></span> 
     </span>
     <span class='ocr_line' id='line_1_6' title="bbox 107 508 1548 587; baseline -0.002 -25"><span class='ocrx_word' id='word_1_37' title='bbox 107 513 393 562; x_wconf 85' lang='lat' dir='ltr'><strong>craffitudine</strong></span> <span class='ocrx_word' id='word_1_38' title='bbox 413 528 778 559; x_wconf 83' lang='lat' dir='ltr'><strong>marmoreorum</strong></span> <span class='ocrx_word' id='word_1_39' title='bbox 802 510 1008 574; x_wconf 80' lang='lat' dir='ltr'><strong>lapidum</strong></span> <span class='ocrx_word' id='word_1_40' title='bbox 1027 529 1041 572; x_wconf 82' lang='lat'>3</span> <span class='ocrx_word' id='word_1_41' title='bbox 1070 510 1198 578; x_wconf 88' lang='lat' dir='ltr'><strong>quod</strong></span> <span class='ocrx_word' id='word_1_42' title='bbox 1222 508 1384 561; x_wconf 88' lang='lat' dir='ltr'><strong>solidi-</strong></span> <span class='ocrx_word' id='word_1_43' title='bbox 1459 543 1548 587; x_wconf 77' lang='lat'><strong>108</strong></span> 
     </span>
     <span class='ocr_line' id='line_1_7' title="bbox 107 569 1566 644; baseline 0.001 -17"><span class='ocrx_word' id='word_1_44' title='bbox 107 582 189 627; x_wconf 87' lang='lat' dir='ltr'><strong>tati</strong></span> <span class='ocrx_word' id='word_1_45' title='bbox 213 581 465 644; x_wconf 86' lang='lat' dir='ltr'><strong>plurimum</strong></span> <span class='ocrx_word' id='word_1_46' title='bbox 491 577 683 626; x_wconf 75' lang='lat' dir='ltr'><strong>confert.</strong></span> <span class='ocrx_word' id='word_1_47' title='bbox 719 576 938 625; x_wconf 80' lang='lat' dir='ltr'><strong>Cochleae</strong></span> <span class='ocrx_word' id='word_1_48' title='bbox 960 595 1064 641; x_wconf 85' lang='lat' dir='ltr'><strong>pars</strong></span> <span class='ocrx_word' id='word_1_49' title='bbox 1088 576 1229 626; x_wconf 81' lang='lat' dir='ltr'><strong>solida</strong></span> <span class='ocrx_word' id='word_1_50' title='bbox 1252 579 1387 629; x_wconf 89' lang='lat' dir='ltr'><strong>habet</strong></span> <span class='ocrx_word' id='word_1_51' title='bbox 1550 569 1566 593; x_wconf 76' lang='lat'>⁸</span> 
     </span>
     <span class='ocr_line' id='line_1_8' title="bbox 109 644 1388 712; baseline 0.002 -19"><span class='ocrx_word' id='word_1_52' title='bbox 109 645 382 694; x_wconf 77' lang='lat' dir='ltr'>diametrum</span> <span class='ocrx_word' id='word_1_53' title='bbox 407 645 579 710; x_wconf 85' lang='lat' dir='ltr'><strong>pedum</strong></span> <span class='ocrx_word' id='word_1_54' title='bbox 609 661 651 707; x_wconf 81' lang='lat'><strong>3.</strong></span> <span class='ocrx_word' id='word_1_55' title='bbox 697 644 881 710; x_wconf 76' lang='lat' dir='ltr'>Singuli</span> <span class='ocrx_word' id='word_1_56' title='bbox 918 644 1083 710; x_wconf 78' lang='lat' dir='ltr'><strong>gradus</strong></span> <span class='ocrx_word' id='word_1_57' title='bbox 1119 645 1252 712; x_wconf 82' lang='lat' dir='ltr'><strong>longi</strong></span> <span class='ocrx_word' id='word_1_58' title='bbox 1286 645 1388 697; x_wconf 90' lang='lat' dir='ltr'><strong>sunt</strong></span> 
     </span>
    </p>

    <p class='ocr_par' dir='ltr' id='par_1_4' title="bbox 72 708 1393 840">
     <span class='ocr_line' id='line_1_9' title="bbox 72 708 1393 780; baseline 0.003 -20"><span class='ocrx_word' id='word_1_59' title='bbox 72 712 247 777; x_wconf 50' lang='lat' dir='ltr'><strong>‘pedes</strong></span> <span class='ocrx_word' id='word_1_60' title='bbox 285 733 308 760; x_wconf 80' lang='lat'>2</span> <span class='ocrx_word' id='word_1_61' title='bbox 333 716 376 774; x_wconf 62' lang='grc' dir='ltr'><strong>ξ.</strong></span> <span class='ocrx_word' id='word_1_62' title='bbox 431 712 652 778; x_wconf 81' lang='lat' dir='ltr'><strong>Reliquus</strong></span> <span class='ocrx_word' id='word_1_63' title='bbox 683 712 912 758; x_wconf 83' lang='lat' dir='ltr'><strong>columnae</strong></span> <span class='ocrx_word' id='word_1_64' title='bbox 942 708 1100 776; x_wconf 83' lang='lat' dir='ltr'><strong>scapus</strong></span> <span class='ocrx_word' id='word_1_65' title='bbox 1131 711 1266 762; x_wconf 87' lang='lat' dir='ltr'><strong>habet</strong></span> <span class='ocrx_word' id='word_1_66' title='bbox 1297 731 1393 780; x_wconf 71' lang='lat' dir='ltr'><strong>pe‹¹¹</strong></span> 
     </span>
     <span class='ocr_line' id='line_1_10' title="bbox 102 778 1386 840; baseline -0.002 -14"><span class='ocrx_word' id='word_1_67' title='bbox 102 778 185 827; x_wconf 90' lang='lat' dir='ltr'><strong>des</strong></span> <span class='ocrx_word' id='word_1_68' title='bbox 221 799 243 826; x_wconf 89' lang='lat'>2</span> <span class='ocrx_word' id='word_1_69' title='bbox 267 818 281 840; x_wconf 83' lang='lat'>‚</span> <span class='ocrx_word' id='word_1_70' title='bbox 315 796 418 826; x_wconf 86' lang='lat' dir='ltr'><strong>cum</strong></span> <span class='ocrx_word' id='word_1_71' title='bbox 452 779 636 825; x_wconf 83' lang='lat' dir='ltr'><strong>minutis</strong></span> <span class='ocrx_word' id='word_1_72' title='bbox 669 797 715 836; x_wconf 79' lang='lat'><strong>4.</strong></span> <span class='ocrx_word' id='word_1_73' title='bbox 1376 779 1386 787; x_wconf 84' lang='lat'><strong>&#39;</strong></span> 
     </span>
    </p>

    <p class='ocr_par' dir='ltr' id='par_1_5' title="bbox 95 844 1390 1913">
     <span class='ocr_line' id='line_1_11' title="bbox 171 844 1390 911; baseline 0 -17"><span class='ocrx_word' id='word_1_74' title='bbox 171 844 290 893; x_wconf 77' lang='lat' dir='ltr'><strong>Haec</strong></span> <span class='ocrx_word' id='word_1_75' title='bbox 319 848 379 893; x_wconf 92' lang='lat' dir='ltr'><strong>est</strong></span> <span class='ocrx_word' id='word_1_76' title='bbox 409 846 628 894; x_wconf 81' lang='lat' dir='ltr'><strong>columna</strong></span> <span class='ocrx_word' id='word_1_77' title='bbox 650 883 663 906; x_wconf 84' lang='lat'>‚</span> <span class='ocrx_word' id='word_1_78' title='bbox 701 862 801 911; x_wconf 79' lang='lat' dir='ltr'><strong>quae</strong></span> <span class='ocrx_word' id='word_1_79' title='bbox 836 844 976 893; x_wconf 80' lang='lat' dir='ltr'><strong>exstat</strong></span> <span class='ocrx_word' id='word_1_80' title='bbox 1003 844 1153 893; x_wconf 88' lang='lat' dir='ltr'><strong>acl-huc</strong></span> <span class='ocrx_word' id='word_1_81' title='bbox 1173 884 1184 905; x_wconf 84' lang='lat'>‚</span> <span class='ocrx_word' id='word_1_82' title='bbox 1217 862 1299 909; x_wconf 84' lang='lat' dir='ltr'><strong>per</strong></span> <span class='ocrx_word' id='word_1_83' title='bbox 1322 860 1390 894; x_wconf 87' lang='lat' dir='ltr'><strong>tot</strong></span> 
     </span>
     <span class='ocr_line' id='line_1_12' title="bbox 105 907 1389 978; baseline 0.002 -21"><span class='ocrx_word' id='word_1_84' title='bbox 105 907 266 960; x_wconf 85' lang='lat' dir='ltr'><strong>saecula</strong></span> <span class='ocrx_word' id='word_1_85' title='bbox 290 930 550 978; x_wconf 84' lang='lat' dir='ltr'><strong>temporum</strong></span> <span class='ocrx_word' id='word_1_86' title='bbox 573 912 910 977; x_wconf 80' lang='lat' dir='ltr'><strong>hominumque</strong></span> <span class='ocrx_word' id='word_1_87' title='bbox 930 915 1022 961; x_wconf 89' lang='lat' dir='ltr'><strong>vim</strong></span> <span class='ocrx_word' id='word_1_88' title='bbox 1044 913 1251 960; x_wconf 51' lang='lat' dir='ltr'><strong>eluciata.</strong></span> <span class='ocrx_word' id='word_1_89' title='bbox 1286 909 1389 976; x_wconf 81' lang='lat' dir='ltr'><strong>Ipsa</strong></span> 
     </span>
     <span class='ocr_line' id='line_1_13' title="bbox 104 977 1388 1046; baseline 0.002 -23"><span class='ocrx_word' id='word_1_90' title='bbox 104 994 434 1045; x_wconf 78' lang='lat' dir='ltr'>argumentum</span> <span class='ocrx_word' id='word_1_91' title='bbox 458 982 520 1027; x_wconf 91' lang='lat' dir='ltr'><strong>est</strong></span> <span class='ocrx_word' id='word_1_92' title='bbox 542 994 715 1046; x_wconf 84' lang='lat' dir='ltr'><strong>quanta</strong></span> <span class='ocrx_word' id='word_1_93' title='bbox 737 979 819 1026; x_wconf 80' lang='lat' dir='ltr'><strong>sint</strong></span> <span class='ocrx_word' id='word_1_94' title='bbox 841 983 1001 1027; x_wconf 86' lang='lat' dir='ltr'><strong>veteris</strong></span> <span class='ocrx_word' id='word_1_95' title='bbox 1022 979 1184 1028; x_wconf 81' lang='lat' dir='ltr'><strong>Romae</strong></span> <span class='ocrx_word' id='word_1_96' title='bbox 1208 977 1388 1026; x_wconf 86' lang='lat' dir='ltr'><strong>rudera.</strong></span> 
     </span>
     <span class='ocr_line' id='line_1_14' title="bbox 103 1041 1389 1111; baseline 0.001 -18"><span class='ocrx_word' id='word_1_97' title='bbox 103 1041 251 1094; x_wconf 88' lang='lat' dir='ltr'><strong>Nunc</strong></span> <span class='ocrx_word' id='word_1_98' title='bbox 292 1049 416 1095; x_wconf 89' lang='lat' dir='ltr'><strong>enim</strong></span> <span class='ocrx_word' id='word_1_99' title='bbox 463 1044 669 1111; x_wconf 75' lang='lat' dir='ltr'><strong>depresso</strong></span> <span class='ocrx_word' id='word_1_100' title='bbox 709 1048 907 1111; x_wconf 79' lang='lat' dir='ltr'><strong>antiquae</strong></span> <span class='ocrx_word' id='word_1_101' title='bbox 942 1045 1086 1095; x_wconf 82' lang='lat' dir='ltr'><strong>Urbis</strong></span> <span class='ocrx_word' id='word_1_102' title='bbox 1127 1045 1256 1106; x_wconf 78' lang='lat' dir='ltr'><strong>solo,</strong></span> <span class='ocrx_word' id='word_1_103' title='bbox 1294 1061 1389 1094; x_wconf 82' lang='lat' dir='ltr'><strong>tota</strong></span> 
     </span>
     <span class='ocr_line' id='line_1_15' title="bbox 104 1109 1383 1179; baseline 0.001 -21"><span class='ocrx_word' id='word_1_104' title='bbox 104 1109 253 1161; x_wconf 80' lang='lat' dir='ltr'><strong>ferme</strong></span> <span class='ocrx_word' id='word_1_105' title='bbox 272 1112 382 1162; x_wconf 85' lang='lat' dir='ltr'><strong>bafis</strong></span> <span class='ocrx_word' id='word_1_106' title='bbox 408 1114 595 1172; x_wconf 83' lang='lat' dir='ltr'><strong>lateret,</strong></span> <span class='ocrx_word' id='word_1_107' title='bbox 622 1114 671 1160; x_wconf 87' lang='lat' dir='ltr'><strong>ni</strong></span> <span class='ocrx_word' id='word_1_108' title='bbox 692 1112 894 1179; x_wconf 81' lang='lat' dir='ltr'><strong>undique</strong></span> <span class='ocrx_word' id='word_1_109' title='bbox 916 1110 1054 1161; x_wconf 85' lang='lat' dir='ltr'><strong>effosa</strong></span> <span class='ocrx_word' id='word_1_110' title='bbox 1074 1112 1219 1160; x_wconf 73' lang='lat' dir='ltr'><strong>fuiss&#39;et</strong></span> <span class='ocrx_word' id='word_1_111' title='bbox 1242 1129 1383 1174; x_wconf 86' lang='lat' dir='ltr'><strong>terra,</strong></span> 
     </span>
     <span class='ocr_line' id='line_1_16' title="bbox 101 1177 1390 1245; baseline 0.002 -21"><span class='ocrx_word' id='word_1_112' title='bbox 101 1192 154 1224; x_wconf 89' lang='lat' dir='ltr'><strong>ut</strong></span> <span class='ocrx_word' id='word_1_113' title='bbox 176 1196 381 1243; x_wconf 80' lang='lat' dir='ltr'><strong>pateret,</strong></span> <span class='ocrx_word' id='word_1_114' title='bbox 409 1186 452 1227; x_wconf 86' lang='lat'>&amp;</span> <span class='ocrx_word' id='word_1_115' title='bbox 476 1177 776 1245; x_wconf 57' lang='lat' dir='ltr'><strong>speclantium</strong></span> <span class='ocrx_word' id='word_1_116' title='bbox 797 1178 1041 1228; x_wconf 70' lang='lat' dir='ltr'>curiositati</span> <span class='ocrx_word' id='word_1_117' title='bbox 1065 1178 1390 1227; x_wconf 70' lang='lat' dir='ltr'><strong>consuleretun,</strong></span> 
     </span>
     <span class='ocr_line' id='line_1_17' title="bbox 97 1242 1386 1313; baseline 0.001 -21"><span class='ocrx_word' id='word_1_118' title='bbox 97 1242 351 1294; x_wconf 85' lang='lat' dir='ltr'><strong>Cornelius</strong></span> <span class='ocrx_word' id='word_1_119' title='bbox 388 1247 553 1313; x_wconf 85' lang='lat' dir='ltr'><strong>Meyer</strong></span> <span class='ocrx_word' id='word_1_120' title='bbox 581 1285 594 1306; x_wconf 87' lang='lat'>‚</span> <span class='ocrx_word' id='word_1_121' title='bbox 639 1247 870 1309; x_wconf 82' lang='lat' dir='ltr'><strong>Batavus,</strong></span> <span class='ocrx_word' id='word_1_122' title='bbox 913 1246 1245 1295; x_wconf 76' lang='lat' dir='ltr'><strong>mathematicis</strong></span> <span class='ocrx_word' id='word_1_123' title='bbox 1284 1263 1386 1294; x_wconf 76' lang='lat' dir='ltr'><strong>me-</strong></span> 
     </span>
     <span class='ocr_line' id='line_1_18' title="bbox 100 1311 1385 1381; baseline 0.002 -22"><span class='ocrx_word' id='word_1_124' title='bbox 100 1311 398 1381; x_wconf 85' lang='lat' dir='ltr'><strong>chanicisque</strong></span> <span class='ocrx_word' id='word_1_125' title='bbox 431 1314 597 1361; x_wconf 86' lang='lat' dir='ltr'><strong>artibus</strong></span> <span class='ocrx_word' id='word_1_126' title='bbox 637 1314 817 1361; x_wconf 83' lang='lat' dir='ltr'><strong>illustris</strong></span> <span class='ocrx_word' id='word_1_127' title='bbox 840 1352 851 1373; x_wconf 84' lang='lat'>‚</span> <span class='ocrx_word' id='word_1_128' title='bbox 888 1313 1085 1373; x_wconf 76' lang='lat' dir='ltr'><strong>audaci,</strong></span> <span class='ocrx_word' id='word_1_129' title='bbox 1126 1331 1224 1360; x_wconf 90' lang='lat' dir='ltr'><strong>non</strong></span> <span class='ocrx_word' id='word_1_130' title='bbox 1258 1331 1385 1362; x_wconf 90' lang='lat' dir='ltr'><strong>novo</strong></span> 
     </span>
     <span class='ocr_line' id='line_1_19' title="bbox 102 1378 1384 1446; baseline 0.002 -20"><span class='ocrx_word' id='word_1_131' title='bbox 102 1393 258 1428; x_wconf 86' lang='lat' dir='ltr'><strong>tamen</strong></span> <span class='ocrx_word' id='word_1_132' title='bbox 280 1419 292 1440; x_wconf 87' lang='lat'>‚</span> <span class='ocrx_word' id='word_1_133' title='bbox 332 1380 522 1428; x_wconf 76' lang='lat' dir='ltr'><strong>consilio</strong></span> <span class='ocrx_word' id='word_1_134' title='bbox 551 1379 688 1427; x_wconf 87' lang='lat' dir='ltr'><strong>bafim</strong></span> <span class='ocrx_word' id='word_1_135' title='bbox 729 1396 965 1446; x_wconf 73' lang='lat' dir='ltr'><strong>totamque</strong></span> <span class='ocrx_word' id='word_1_136' title='bbox 998 1383 1268 1430; x_wconf 88' lang='lat' dir='ltr'><strong>columnam</strong></span> <span class='ocrx_word' id='word_1_137' title='bbox 1304 1378 1384 1428; x_wconf 89' lang='lat' dir='ltr'><strong>su·-</strong></span> 
     </span>
     <span class='ocr_line' id='line_1_20' title="bbox 100 1444 1385 1508; baseline 0.002 -17"><span class='ocrx_word' id='word_1_138' title='bbox 100 1444 292 1494; x_wconf 84' lang='lat' dir='ltr'><strong>blimem</strong></span> <span class='ocrx_word' id='word_1_139' title='bbox 322 1446 479 1495; x_wconf 82' lang='lat' dir='ltr'><strong>efferre</strong></span> <span class='ocrx_word' id='word_1_140' title='bbox 504 1485 516 1507; x_wconf 88' lang='lat'>,</span> <span class='ocrx_word' id='word_1_141' title='bbox 558 1463 604 1494; x_wconf 89' lang='lat' dir='ltr'><strong>ut</strong></span> <span class='ocrx_word' id='word_1_142' title='bbox 639 1444 991 1495; x_wconf 86' lang='lat' dir='ltr'><strong>fundamentum</strong></span> <span class='ocrx_word' id='word_1_143' title='bbox 1027 1446 1348 1497; x_wconf 78' lang='lat' dir='ltr'><strong>substrueretur</strong></span> <span class='ocrx_word' id='word_1_144' title='bbox 1369 1485 1385 1508; x_wconf 79' lang='lat'>‚</span> 
     </span>
     <span class='ocr_line' id='line_1_21' title="bbox 98 1512 1386 1581; baseline 0.003 -23"><span class='ocrx_word' id='word_1_145' title='bbox 98 1517 147 1558; x_wconf 63' lang='grc' dir='ltr'><strong>ὃς</strong></span> <span class='ocrx_word' id='word_1_146' title='bbox 193 1517 363 1562; x_wconf 86' lang='lat' dir='ltr'><strong>recenti</strong></span> <span class='ocrx_word' id='word_1_147' title='bbox 403 1513 546 1563; x_wconf 83' lang='lat' dir='ltr'><strong>Urbis</strong></span> <span class='ocrx_word' id='word_1_148' title='bbox 587 1512 683 1560; x_wconf 93' lang='lat' dir='ltr'><strong>solo</strong></span> <span class='ocrx_word' id='word_1_149' title='bbox 731 1531 984 1581; x_wconf 84' lang='lat' dir='ltr'><strong>aequaretur</strong></span> <span class='ocrx_word' id='word_1_150' title='bbox 1009 1552 1023 1575; x_wconf 82' lang='grc'>,</span> <span class='ocrx_word' id='word_1_151' title='bbox 1067 1512 1386 1581; x_wconf 78' lang='lat' dir='ltr'><strong>proposuerat.</strong></span> 
     </span>
     <span class='ocr_line' id='line_1_22' title="bbox 97 1577 1386 1649; baseline 0.002 -22"><span class='ocrx_word' id='word_1_152' title='bbox 97 1577 247 1642; x_wconf 90' lang='lat' dir='ltr'><strong>Quod</strong></span> <span class='ocrx_word' id='word_1_153' title='bbox 271 1581 391 1628; x_wconf 67' lang='lat' dir='ltr'><strong>castis</strong></span> <span class='ocrx_word' id='word_1_154' title='bbox 417 1598 540 1629; x_wconf 85' lang='lat' dir='ltr'><strong>metu</strong></span> <span class='ocrx_word' id='word_1_155' title='bbox 561 1582 784 1628; x_wconf 88' lang='lat' dir='ltr'><strong>incertum</strong></span> <span class='ocrx_word' id='word_1_156' title='bbox 807 1599 866 1629; x_wconf 88' lang='lat' dir='ltr'><strong>an</strong></span> <span class='ocrx_word' id='word_1_157' title='bbox 885 1581 945 1628; x_wconf 91' lang='lat' dir='ltr'><strong>ob</strong></span> <span class='ocrx_word' id='word_1_158' title='bbox 967 1580 1182 1647; x_wconf 85' lang='lat' dir='ltr'><strong>impensae</strong></span> <span class='ocrx_word' id='word_1_159' title='bbox 1205 1583 1386 1649; x_wconf 83' lang='lat' dir='ltr'><strong>magni-</strong></span> 
     </span>
     <span class='ocr_line' id='line_1_23' title="bbox 100 1645 1384 1714; baseline 0.003 -21"><span class='ocrx_word' id='word_1_160' title='bbox 100 1645 309 1695; x_wconf 80' lang='lat' dir='ltr'><strong>tudinem</strong></span> <span class='ocrx_word' id='word_1_161' title='bbox 330 1648 449 1697; x_wconf 80' lang='lat' dir='ltr'><strong>hand</strong></span> <span class='ocrx_word' id='word_1_162' title='bbox 469 1649 717 1713; x_wconf 74' lang='lat' dir='ltr'><strong>praestitum</strong></span> <span class='ocrx_word' id='word_1_163' title='bbox 740 1649 816 1695; x_wconf 84' lang='lat' dir='ltr'><strong>est.</strong></span> <span class='ocrx_word' id='word_1_164' title='bbox 849 1648 1084 1714; x_wconf 87' lang='lat' dir='ltr'><strong>Impensas</strong></span> <span class='ocrx_word' id='word_1_165' title='bbox 1106 1666 1261 1698; x_wconf 83' lang='lat' dir='ltr'><strong>tamen</strong></span> <span class='ocrx_word' id='word_1_166' title='bbox 1284 1666 1384 1697; x_wconf 83' lang='lat' dir='ltr'><strong>non</strong></span> 
     </span>
     <span class='ocr_line' id='line_1_24' title="bbox 98 1713 1386 1764; baseline 0.002 -5"><span class='ocrx_word' id='word_1_167' title='bbox 98 1713 352 1763; x_wconf 72' lang='lat' dir='ltr'><strong>excessuras</strong></span> <span class='ocrx_word' id='word_1_168' title='bbox 383 1733 599 1763; x_wconf 84' lang='lat' dir='ltr'><strong>nummos</strong></span> <span class='ocrx_word' id='word_1_169' title='bbox 623 1713 862 1762; x_wconf 83' lang='lat' dir='ltr'><strong>Romanos</strong></span> <span class='ocrx_word' id='word_1_170' title='bbox 889 1713 961 1763; x_wconf 85' lang='lat' dir='ltr'><strong>sex</strong></span> <span class='ocrx_word' id='word_1_171' title='bbox 985 1716 1111 1764; x_wconf 88' lang='lat' dir='ltr'><strong>mille</strong></span> <span class='ocrx_word' id='word_1_172' title='bbox 1137 1722 1179 1764; x_wconf 66' lang='grc' dir='ltr'><strong>ὃς</strong></span> <span class='ocrx_word' id='word_1_173' title='bbox 1207 1733 1386 1764; x_wconf 78' lang='lat' dir='ltr'><strong>trecen-</strong></span> 
     </span>
     <span class='ocr_line' id='line_1_25' title="bbox 96 1780 1386 1849; baseline 0.004 -23"><span class='ocrx_word' id='word_1_174' title='bbox 96 1793 170 1826; x_wconf 76' lang='lat' dir='ltr'><strong>tos</strong></span> <span class='ocrx_word' id='word_1_175' title='bbox 197 1819 209 1840; x_wconf 92' lang='lat'>,</span> <span class='ocrx_word' id='word_1_176' title='bbox 256 1780 451 1830; x_wconf 81' lang='lat' dir='ltr'><strong>Gallicae</strong></span> <span class='ocrx_word' id='word_1_177' title='bbox 482 1797 678 1829; x_wconf 72' lang='lat' dir='ltr'><strong>monetae</strong></span> <span class='ocrx_word' id='word_1_178' title='bbox 713 1782 849 1829; x_wconf 85' lang='lat' dir='ltr'><strong>libras</strong></span> <span class='ocrx_word' id='word_1_179' title='bbox 887 1798 1055 1847; x_wconf 62' lang='lat'>337075</span> <span class='ocrx_word' id='word_1_180' title='bbox 1079 1821 1092 1844; x_wconf 90' lang='lat'><strong><em>,</em></strong></span> <span class='ocrx_word' id='word_1_181' title='bbox 1128 1781 1386 1849; x_wconf 82' lang='lat' dir='ltr'><strong>spondebat</strong></span> 
     </span>
     <span class='ocr_line' id='line_1_26' title="bbox 95 1844 560 1913; baseline 0.009 -22"><span class='ocrx_word' id='word_1_182' title='bbox 95 1844 350 1895; x_wconf 82' lang='lat' dir='ltr'><strong>Cornelius</strong></span> <span class='ocrx_word' id='word_1_183' title='bbox 381 1848 560 1913; x_wconf 84' lang='lat' dir='ltr'><strong>Meyer.</strong></span> 
     </span>
    </p>

    <p class='ocr_par' dir='ltr' id='par_1_6' title="bbox 92 1911 1383 2648">
     <span class='ocr_line' id='line_1_27' title="bbox 164 1911 1383 1972; baseline 0.005 -13"><span class='ocrx_word' id='word_1_184' title='bbox 164 1911 308 1959; x_wconf 86' lang='lat' dir='ltr'><strong>Aliud</strong></span> <span class='ocrx_word' id='word_1_185' title='bbox 336 1914 572 1961; x_wconf 81' lang='lat' dir='ltr'><strong>confilium</strong></span> <span class='ocrx_word' id='word_1_186' title='bbox 590 1951 602 1971; x_wconf 91' lang='lat'>,</span> <span class='ocrx_word' id='word_1_187' title='bbox 636 1918 679 1959; x_wconf 70' lang='grc' dir='ltr'><strong>ὃ(</strong></span> <span class='ocrx_word' id='word_1_188' title='bbox 701 1912 1026 1960; x_wconf 82' lang='lat' dir='ltr'><strong>nobiliffimum</strong></span> <span class='ocrx_word' id='word_1_189' title='bbox 1045 1951 1057 1972; x_wconf 84' lang='lat'>‚</span> <span class='ocrx_word' id='word_1_190' title='bbox 1087 1931 1241 1964; x_wconf 89' lang='lat' dir='ltr'><strong>mente</strong></span> <span class='ocrx_word' id='word_1_191' title='bbox 1265 1933 1383 1966; x_wconf 84' lang='lat' dir='ltr'><strong>con-</strong></span> 
     </span>
     <span class='ocr_line' id='line_1_28' title="bbox 98 1977 1380 2043; baseline 0.005 -18"><span class='ocrx_word' id='word_1_192' title='bbox 98 1993 285 2043; x_wconf 78' lang='lat' dir='ltr'><strong>ceperat</strong></span> <span class='ocrx_word' id='word_1_193' title='bbox 323 1978 587 2027; x_wconf 75' lang='lat' dir='ltr'><strong>franciscus</strong></span> <span class='ocrx_word' id='word_1_194' title='bbox 618 1978 672 2038; x_wconf 90' lang='lat' dir='ltr'><strong>I,</strong></span> <span class='ocrx_word' id='word_1_195' title='bbox 709 1977 957 2027; x_wconf 78' lang='lat' dir='ltr'><strong>Gallorum</strong></span> <span class='ocrx_word' id='word_1_196' title='bbox 999 1996 1074 2026; x_wconf 86' lang='lat' dir='ltr'><strong>rex</strong></span> <span class='ocrx_word' id='word_1_197' title='bbox 1096 2019 1109 2040; x_wconf 81' lang='lat'>,</span> <span class='ocrx_word' id='word_1_198' title='bbox 1146 1981 1380 2031; x_wconf 85' lang='lat' dir='ltr'><strong>literarum</strong></span> 
     </span>
     <span class='ocr_line' id='line_1_29' title="bbox 94 2044 1381 2113; baseline 0.006 -23"><span class='ocrx_word' id='word_1_199' title='bbox 94 2047 263 2093; x_wconf 85' lang='lat' dir='ltr'><strong>artium</strong></span> <span class='ocrx_word' id='word_1_200' title='bbox 304 2065 358 2094; x_wconf 86' lang='lat' dir='ltr'><strong>ue</strong></span> <span class='ocrx_word' id='word_1_201' title='bbox 390 2045 731 2095; x_wconf 66' lang='lat' dir='ltr'><strong>aniantissimus.</strong></span> <span class='ocrx_word' id='word_1_202' title='bbox 777 2044 978 2113; x_wconf 84' lang='lat' dir='ltr'><strong>Jamque</strong></span> <span class='ocrx_word' id='word_1_203' title='bbox 1007 2045 1083 2094; x_wconf 89' lang='lat' dir='ltr'><strong>sub</strong></span> <span class='ocrx_word' id='word_1_204' title='bbox 1104 2044 1381 2098; x_wconf 75' lang='lat' dir='ltr'><strong>pontificatu</strong></span> 
     </span>
     <span class='ocr_line' id='line_1_30' title="bbox 95 2064 1380 2181; baseline 0.005 -23"><span class='ocrx_word' id='word_1_205' title='bbox 95 2108 229 2160; x_wconf 87' lang='lat' dir='ltr'><strong>Pauli</strong></span> <span class='ocrx_word' id='word_1_206' title='bbox 270 2064 338 2161; x_wconf 63' lang='lat' dir='ltr'><strong>llII</strong></span> <span class='ocrx_word' id='word_1_207' title='bbox 378 2131 581 2179; x_wconf 83' lang='lat' dir='ltr'><strong>coeperat</strong></span> <span class='ocrx_word' id='word_1_208' title='bbox 620 2129 769 2178; x_wconf 86' lang='lat' dir='ltr'><strong>partes</strong></span> <span class='ocrx_word' id='word_1_209' title='bbox 812 2114 989 2181; x_wconf 86' lang='lat' dir='ltr'><strong>aliquot</strong></span> <span class='ocrx_word' id='word_1_210' title='bbox 1025 2113 1251 2164; x_wconf 84' lang='lat' dir='ltr'><strong>columnae</strong></span> <span class='ocrx_word' id='word_1_211' title='bbox 1292 2133 1380 2164; x_wconf 83' lang='lat' dir='ltr'><strong>aere</strong></span> 
     </span>
     <span class='ocr_line' id='line_1_31' title="bbox 99 2180 1379 2246; baseline 0.004 -21"><span class='ocrx_word' id='word_1_212' title='bbox 99 2182 304 2228; x_wconf 68' lang='lat' dir='ltr'><strong>conflare</strong></span> <span class='ocrx_word' id='word_1_213' title='bbox 324 2220 337 2241; x_wconf 85' lang='lat'>,</span> <span class='ocrx_word' id='word_1_214' title='bbox 372 2198 416 2229; x_wconf 88' lang='lat' dir='ltr'><strong>ut</strong></span> <span class='ocrx_word' id='word_1_215' title='bbox 445 2199 546 2229; x_wconf 82' lang='lat' dir='ltr'><strong>eam</strong></span> <span class='ocrx_word' id='word_1_216' title='bbox 578 2184 808 2246; x_wconf 79' lang='lat' dir='ltr'><strong>integram</strong></span> <span class='ocrx_word' id='word_1_217' title='bbox 831 2182 879 2227; x_wconf 91' lang='lat' dir='ltr'><strong>in</strong></span> <span class='ocrx_word' id='word_1_218' title='bbox 908 2180 1016 2228; x_wconf 87' lang='lat' dir='ltr'><strong>urbe</strong></span> <span class='ocrx_word' id='word_1_219' title='bbox 1040 2180 1222 2229; x_wconf 68' lang='lat' dir='ltr'><strong>Lutetia</strong></span> <span class='ocrx_word' id='word_1_220' title='bbox 1244 2181 1379 2230; x_wconf 87' lang='lat' dir='ltr'><strong>Pari-</strong></span> 
     </span>
     <span class='ocr_line' id='line_1_32' title="bbox 97 2243 1379 2313; baseline 0.004 -22"><span class='ocrx_word' id='word_1_221' title='bbox 97 2243 266 2295; x_wconf 86' lang='lat' dir='ltr'><strong>fiorum</strong></span> <span class='ocrx_word' id='word_1_222' title='bbox 300 2251 508 2313; x_wconf 67' lang='lat' dir='ltr'><strong>erigeret.</strong></span> <span class='ocrx_word' id='word_1_223' title='bbox 553 2247 672 2295; x_wconf 85' lang='lat' dir='ltr'><strong>Illud</strong></span> <span class='ocrx_word' id='word_1_224' title='bbox 701 2246 938 2295; x_wconf 76' lang='lat' dir='ltr'><strong>consilium</strong></span> <span class='ocrx_word' id='word_1_225' title='bbox 972 2264 1047 2296; x_wconf 86' lang='lat' dir='ltr'><strong>aut</strong></span> <span class='ocrx_word' id='word_1_226' title='bbox 1080 2251 1143 2296; x_wconf 86' lang='lat' dir='ltr'><strong>rei</strong></span> <span class='ocrx_word' id='word_1_227' title='bbox 1174 2248 1379 2297; x_wconf 84' lang='lat' dir='ltr'><strong>difficul-</strong></span> 
     </span>
     <span class='ocr_line' id='line_1_33' title="bbox 97 2314 1381 2380; baseline 0.006 -23"><span class='ocrx_word' id='word_1_228' title='bbox 97 2326 189 2359; x_wconf 87' lang='lat' dir='ltr'><strong>tate</strong></span> <span class='ocrx_word' id='word_1_229' title='bbox 213 2353 224 2373; x_wconf 90' lang='lat'>‚</span> <span class='ocrx_word' id='word_1_230' title='bbox 263 2332 338 2362; x_wconf 84' lang='lat' dir='ltr'><strong>aut</strong></span> <span class='ocrx_word' id='word_1_231' title='bbox 359 2314 584 2380; x_wconf 85' lang='lat' dir='ltr'><strong>Principis</strong></span> <span class='ocrx_word' id='word_1_232' title='bbox 612 2331 758 2362; x_wconf 86' lang='lat' dir='ltr'><strong>morte</strong></span> <span class='ocrx_word' id='word_1_233' title='bbox 780 2314 1067 2380; x_wconf 85' lang='lat' dir='ltr'><strong>impeditum.</strong></span> <span class='ocrx_word' id='word_1_234' title='bbox 1104 2314 1381 2365; x_wconf 76' lang='lat' dir='ltr'><strong>Melioribus</strong></span> 
     </span>
     <span class='ocr_line' id='line_1_34' title="bbox 98 2377 1379 2448; baseline 0.005 -25"><span class='ocrx_word' id='word_1_235' title='bbox 98 2377 307 2444; x_wconf 85' lang='lat' dir='ltr'><strong>auspiciis</strong></span> <span class='ocrx_word' id='word_1_236' title='bbox 339 2381 601 2430; x_wconf 84' lang='lat' dir='ltr'><strong>Ludovicus</strong></span> <span class='ocrx_word' id='word_1_237' title='bbox 631 2380 751 2431; x_wconf 88' lang='lat' dir='ltr'><strong>XIV</strong></span> <span class='ocrx_word' id='word_1_238' title='bbox 771 2420 783 2441; x_wconf 89' lang='lat'>‚</span> <span class='ocrx_word' id='word_1_239' title='bbox 816 2400 910 2448; x_wconf 81' lang='lat' dir='ltr'><strong>qno</strong></span> <span class='ocrx_word' id='word_1_240' title='bbox 937 2383 1085 2429; x_wconf 83' lang='lat' dir='ltr'><strong>nullus</strong></span> <span class='ocrx_word' id='word_1_241' title='bbox 1116 2380 1199 2429; x_wconf 90' lang='lat' dir='ltr'><strong>fuit</strong></span> <span class='ocrx_word' id='word_1_242' title='bbox 1229 2382 1379 2430; x_wconf 78' lang='lat' dir='ltr'><strong>confi-</strong></span> 
     </span>
     <span class='ocr_line' id='line_1_35' title="bbox 97 2444 1375 2516; baseline 0.005 -26"><span class='ocrx_word' id='word_1_243' title='bbox 97 2444 269 2494; x_wconf 81' lang='lat' dir='ltr'><strong>liorum</strong></span> <span class='ocrx_word' id='word_1_244' title='bbox 304 2450 624 2516; x_wconf 74' lang='lat' dir='ltr'><strong>magnitudine</strong></span> <span class='ocrx_word' id='word_1_245' title='bbox 660 2453 703 2495; x_wconf 69' lang='grc' dir='ltr'><strong>ὃς</strong></span> <span class='ocrx_word' id='word_1_246' title='bbox 734 2449 882 2514; x_wconf 72' lang='lat' dir='ltr'><strong>gloria</strong></span> <span class='ocrx_word' id='word_1_247' title='bbox 909 2447 1118 2510; x_wconf 66' lang='lat' dir='ltr'><strong>Traiano</strong></span> <span class='ocrx_word' id='word_1_248' title='bbox 1150 2450 1375 2514; x_wconf 85' lang='lat' dir='ltr'><strong>propior,</strong></span> 
     </span>
     <span class='ocr_line' id='line_1_36' title="bbox 98 2508 1380 2582; baseline 0.005 -26"><span class='ocrx_word' id='word_1_249' title='bbox 98 2508 205 2560; x_wconf 74' lang='lat' dir='ltr'><strong>crim</strong></span> <span class='ocrx_word' id='word_1_250' title='bbox 248 2513 478 2564; x_wconf 84' lang='lat' dir='ltr'><strong>Gallicam</strong></span> <span class='ocrx_word' id='word_1_251' title='bbox 510 2517 696 2582; x_wconf 53' lang='lat' dir='ltr'><strong>picium</strong></span> <span class='ocrx_word' id='word_1_252' title='bbox 731 2515 1032 2563; x_wconf 83' lang='lat' dir='ltr'><strong>Academiam</strong></span> <span class='ocrx_word' id='word_1_253' title='bbox 1068 2515 1229 2564; x_wconf 86' lang='lat' dir='ltr'><strong>Romae</strong></span> <span class='ocrx_word' id='word_1_254' title='bbox 1266 2514 1380 2563; x_wconf 90' lang='lat' dir='ltr'><strong>fun-</strong></span> 
     </span>
     <span class='ocr_line' id='line_1_37' title="bbox 92 2575 1381 2648; baseline 0.006 -22"><span class='ocrx_word' id='word_1_255' title='bbox 92 2575 234 2627; x_wconf 77' lang='lat' dir='ltr'><strong>daffet</strong></span> <span class='ocrx_word' id='word_1_256' title='bbox 262 2599 387 2632; x_wconf 86' lang='lat' dir='ltr'><strong>anno</strong></span> <span class='ocrx_word' id='word_1_257' title='bbox 417 2592 542 2644; x_wconf 78' lang='lat'>1670</span> <span class='ocrx_word' id='word_1_258' title='bbox 563 2623 578 2648; x_wconf 60' lang='lat'>2</span> <span class='ocrx_word' id='word_1_259' title='bbox 604 2580 721 2646; x_wconf 83' lang='lat' dir='ltr'><strong>juffit</strong></span> <span class='ocrx_word' id='word_1_260' title='bbox 741 2583 791 2631; x_wconf 81' lang='lat' dir='ltr'><strong>in</strong></span> <span class='ocrx_word' id='word_1_261' title='bbox 820 2583 1114 2632; x_wconf 80' lang='lat' dir='ltr'><strong>alumnorum</strong></span> <span class='ocrx_word' id='word_1_262' title='bbox 1138 2583 1381 2640; x_wconf 79' lang='lat' dir='ltr'><strong>utilitatem</strong></span> 
     </span>
    </p>
   </div>
   <div class='ocr_carea' id='block_1_3' title="bbox 1425 303 1596 310">
    <p class='ocr_par' dir='ltr' id='par_1_7' title="bbox 1425 303 1596 310">
     <span class='ocr_line' id='line_1_38' title="bbox 1425 303 1596 310; baseline 0 2864"><span class='ocrx_word' id='word_1_263' title='bbox 1425 303 1596 310; x_wconf 95' lang='lat' dir='ltr'><strong> </strong></span> 
     </span>
    </p>
   </div>
  </div>
 </body>
</html>
