<?xml version="1.0" encoding="UTF-8"?>
<!DOCTYPE html PUBLIC "-//W3C//DTD XHTML 1.0 Transitional//EN"
    "http://www.w3.org/TR/xhtml1/DTD/xhtml1-transitional.dtd">
<html xmlns="http://www.w3.org/1999/xhtml" xml:lang="en" lang="en">
 <head>
  <title>
</title>
<meta http-equiv="Content-Type" content="text/html;charset=utf-8" />
  <meta name='ocr-system' content='tesseract 3.04.00' />
  <meta name='ocr-capabilities' content='ocr_page ocr_carea ocr_par ocr_line ocrx_word'/>
</head>
<body>
  <div class='ocr_page' id='page_1' title='image "./ccorneliitacitio05taci_0419.png"; bbox 0 0 1672 3174; ppageno 0'>
   <div class='ocr_carea' id='block_1_1' title="bbox 149 128 1324 215">
    <p class='ocr_par' dir='ltr' id='par_1_1' title="bbox 149 128 1324 215">
     <span class='ocr_line' id='line_1_1' title="bbox 149 128 1324 215; baseline 0.011 -30"><span class='ocrx_word' id='word_1_1' title='bbox 149 128 814 190; x_wconf 70' lang='lat' dir='ltr'>eHRONoronAM</span> <span class='ocrx_word' id='word_1_2' title='bbox 870 131 1112 194; x_wconf 76' lang='lat' dir='ltr'>NoTAE.</span> <span class='ocrx_word' id='word_1_3' title='bbox 1203 160 1324 215; x_wconf 83' lang='lat'>409</span> 
     </span>
    </p>
   </div>
   <div class='ocr_carea' id='block_1_2' title="bbox 0 223 1536 2663">
    <p class='ocr_par' dir='ltr' id='par_1_2' title="bbox 45 223 1490 296">
     <span class='ocr_line' id='line_1_2' title="bbox 45 223 1490 296; baseline 0.007 -23"><span class='ocrx_word' id='word_1_4' title='bbox 45 223 250 289; x_wconf 85' lang='lat' dir='ltr'>Quantae</span> <span class='ocrx_word' id='word_1_5' title='bbox 285 228 333 277; x_wconf 82' lang='lat' dir='ltr'>in</span> <span class='ocrx_word' id='word_1_6' title='bbox 369 244 544 278; x_wconf 76' lang='lat' dir='ltr'>tantum</span> <span class='ocrx_word' id='word_1_7' title='bbox 575 246 685 291; x_wconf 75' lang='lat' dir='ltr'>opus</span> <span class='ocrx_word' id='word_1_8' title='bbox 716 229 921 296; x_wconf 68' lang='lat' dir='ltr'>impensae</span> <span class='ocrx_word' id='word_1_9' title='bbox 945 237 964 280; x_wconf 87' lang='lat'><em>!</em></span> <span class='ocrx_word' id='word_1_10' title='bbox 1009 231 1200 296; x_wconf 81' lang='lat' dir='ltr'>Quanta</span> <span class='ocrx_word' id='word_1_11' title='bbox 1226 236 1320 283; x_wconf 83' lang='lat' dir='ltr'>dif-</span> <span class='ocrx_word' id='word_1_12' title='bbox 1487 280 1490 282; x_wconf 75' lang='grc'>,</span> 
     </span>
    </p>

    <p class='ocr_par' dir='ltr' id='par_1_3' title="bbox 46 290 1536 363">
     <span class='ocr_line' id='line_1_3' title="bbox 46 290 1536 363; baseline 0.01 -25"><span class='ocrx_word' id='word_1_13' title='bbox 46 290 222 341; x_wconf 85' lang='lat' dir='ltr'>ficultas</span> <span class='ocrx_word' id='word_1_14' title='bbox 246 331 260 354; x_wconf 84' lang='lat'><strong>,</strong></span> <span class='ocrx_word' id='word_1_15' title='bbox 299 293 404 342; x_wconf 76' lang='lat' dir='ltr'>cum</span> <span class='ocrx_word' id='word_1_16' title='bbox 431 313 597 361; x_wconf 80' lang='lat' dir='ltr'>magno</span> <span class='ocrx_word' id='word_1_17' title='bbox 621 296 828 362; x_wconf 65' lang='lat' dir='ltr'>inflcczsio</span> <span class='ocrx_word' id='word_1_18' title='bbox 847 335 862 354; x_wconf 89' lang='lat'><em>,</em></span> <span class='ocrx_word' id='word_1_19' title='bbox 901 298 1029 361; x_wconf 76' lang='lat' dir='ltr'>cujus</span> <span class='ocrx_word' id='word_1_20' title='bbox 1054 300 1206 363; x_wconf 60' lang='lat' dir='ltr'>cursim</span> <span class='ocrx_word' id='word_1_21' title='bbox 1233 302 1320 352; x_wconf 70' lang='lat' dir='ltr'>alio*</span> <span class='ocrx_word' id='word_1_22' title='bbox 1352 309 1399 349; x_wconf 89' lang='lat' dir='ltr'>A.</span> <span class='ocrx_word' id='word_1_23' title='bbox 1418 310 1536 353; x_wconf 80' lang='lat' dir='ltr'><strong>U.C.</strong></span> 
     </span>
    </p>

    <p class='ocr_par' dir='ltr' id='par_1_4' title="bbox 44 359 1503 431">
     <span class='ocr_line' id='line_1_4' title="bbox 44 359 1503 431; baseline 0.01 -26"><span class='ocrx_word' id='word_1_24' title='bbox 44 359 195 407; x_wconf 73' lang='lat' dir='ltr'>averti</span> <span class='ocrx_word' id='word_1_25' title='bbox 231 377 320 407; x_wconf 79' lang='lat' dir='ltr'>non</span> <span class='ocrx_word' id='word_1_26' title='bbox 350 361 533 421; x_wconf 69' lang='lat' dir='ltr'>potuit,</span> <span class='ocrx_word' id='word_1_27' title='bbox 568 364 784 427; x_wconf 64' lang='lat' dir='ltr'>vortictfii</span> <span class='ocrx_word' id='word_1_28' title='bbox 817 364 864 411; x_wconf 82' lang='lat' dir='ltr'>in</span> <span class='ocrx_word' id='word_1_29' title='bbox 899 367 1016 429; x_wconf 70' lang='lat' dir='ltr'>aquei</span> <span class='ocrx_word' id='word_1_30' title='bbox 1042 404 1055 426; x_wconf 92' lang='lat'>,</span> <span class='ocrx_word' id='word_1_31' title='bbox 1091 365 1320 431; x_wconf 63' lang='lat' dir='ltr'>limofiique</span> <span class='ocrx_word' id='word_1_32' title='bbox 1392 379 1503 427; x_wconf 81' lang='lat'>859.</span> 
     </span>
    </p>

    <p class='ocr_par' dir='ltr' id='par_1_5' title="bbox 24 422 1505 495">
     <span class='ocr_line' id='line_1_5' title="bbox 24 422 1505 495; baseline 0.01 -25"><span class='ocrx_word' id='word_1_33' title='bbox 24 422 128 488; x_wconf 75' lang='lat' dir='ltr'>solo</span> <span class='ocrx_word' id='word_1_34' title='bbox 150 423 258 486; x_wconf 81' lang='lat' dir='ltr'>pilae</span> <span class='ocrx_word' id='word_1_35' title='bbox 276 424 457 487; x_wconf 71' lang='lat' dir='ltr'>fuerint</span> <span class='ocrx_word' id='word_1_36' title='bbox 476 424 717 491; x_wconf 68' lang='lat' dir='ltr'>firmandae</span> <span class='ocrx_word' id='word_1_37' title='bbox 742 435 761 476; x_wconf 74' lang='grc' dir='ltr'><em>Ι</em></span> <span class='ocrx_word' id='word_1_38' title='bbox 789 429 924 477; x_wconf 84' lang='lat' dir='ltr'>Adde</span> <span class='ocrx_word' id='word_1_39' title='bbox 958 435 1087 480; x_wconf 70' lang='grc' dir='ltr'><em>ῐαηῐὸ</em></span> <span class='ocrx_word' id='word_1_40' title='bbox 1109 433 1317 493; x_wconf 72' lang='lat' dir='ltr'>rapidio-</span> <span class='ocrx_word' id='word_1_41' title='bbox 1373 452 1414 491; x_wconf 83' lang='lat' dir='ltr'>J.</span> <span class='ocrx_word' id='word_1_42' title='bbox 1447 451 1505 495; x_wconf 76' lang='lat' dir='ltr'>C,</span> 
     </span>
    </p>

    <p class='ocr_par' dir='ltr' id='par_1_6' title="bbox 44 490 1504 568">
     <span class='ocr_line' id='line_1_6' title="bbox 44 490 1504 568; baseline 0.01 -30"><span class='ocrx_word' id='word_1_43' title='bbox 44 507 141 538; x_wconf 84' lang='lat' dir='ltr'>rem</span> <span class='ocrx_word' id='word_1_44' title='bbox 171 490 594 553; x_wconf 73' lang='lat' dir='ltr'>profundicremque</span> <span class='ocrx_word' id='word_1_45' title='bbox 625 491 926 556; x_wconf 72' lang='lat' dir='ltr'><strong><em>Danubium,</em></strong></span> <span class='ocrx_word' id='word_1_46' title='bbox 965 502 1127 559; x_wconf 69' lang='lat' dir='ltr'>quanto*</span> <span class='ocrx_word' id='word_1_47' title='bbox 1162 498 1240 549; x_wconf 81' lang='lat' dir='ltr'>hoc</span> <span class='ocrx_word' id='word_1_48' title='bbox 1268 501 1318 550; x_wconf 80' lang='lat' dir='ltr'>in</span> <span class='ocrx_word' id='word_1_49' title='bbox 1399 523 1504 568; x_wconf 72' lang='lat'><strong>105,</strong></span> 
     </span>
    </p>

    <p class='ocr_par' dir='ltr' id='par_1_7' title="bbox 42 553 1504 625">
     <span class='ocr_line' id='line_1_7' title="bbox 42 553 1504 625; baseline 0.01 -22"><span class='ocrx_word' id='word_1_50' title='bbox 42 553 140 603; x_wconf 78' lang='lat' dir='ltr'>loco</span> <span class='ocrx_word' id='word_1_51' title='bbox 172 557 419 608; x_wconf 58' lang='lat' dir='ltr'>czrez&#39;iorem.</span> <span class='ocrx_word' id='word_1_52' title='bbox 481 557 579 607; x_wconf 92' lang='lat' dir='ltr'>Tot</span> <span class='ocrx_word' id='word_1_53' title='bbox 614 559 836 625; x_wconf 83' lang='lat' dir='ltr'>tantisque</span> <span class='ocrx_word' id='word_1_54' title='bbox 875 561 1212 614; x_wconf 84' lang='lat' dir='ltr'>difficultatibus</span> <span class='ocrx_word' id='word_1_55' title='bbox 1242 566 1320 615; x_wconf 84' lang='lat' dir='ltr'>su·</span> <span class='ocrx_word' id='word_1_56' title='bbox 1496 571 1504 575; x_wconf 55' lang='lat'><em>⁴</em></span> 
     </span>
    </p>

    <p class='ocr_par' dir='ltr' id='par_1_8' title="bbox 43 624 1320 691">
     <span class='ocr_line' id='line_1_8' title="bbox 43 624 1320 691; baseline 0.01 -23"><span class='ocrx_word' id='word_1_57' title='bbox 43 626 210 687; x_wconf 82' lang='lat' dir='ltr'>peratis</span> <span class='ocrx_word' id='word_1_58' title='bbox 232 663 242 682; x_wconf 90' lang='lat'>‚</span> <span class='ocrx_word' id='word_1_59' title='bbox 275 626 544 691; x_wconf 79' lang='lat' dir='ltr'>intelligitur</span> <span class='ocrx_word' id='word_1_60' title='bbox 579 642 750 691; x_wconf 82' lang='lat' dir='ltr'>quanta</span> <span class='ocrx_word' id='word_1_61' title='bbox 779 624 913 673; x_wconf 84' lang='lat' dir='ltr'>fuerit</span> <span class='ocrx_word' id='word_1_62' title='bbox 933 628 1141 690; x_wconf 67' lang='lat' dir='ltr'>Traiano</span> <span class='ocrx_word' id='word_1_63' title='bbox 1173 635 1320 682; x_wconf 84' lang='lat' dir='ltr'>animi</span> 
     </span>
    </p>

    <p class='ocr_par' dir='ltr' id='par_1_9' title="bbox 44 689 1320 759">
     <span class='ocr_line' id='line_1_9' title="bbox 44 689 1320 759; baseline 0.009 -24"><span class='ocrx_word' id='word_1_64' title='bbox 44 689 316 754; x_wconf 73' lang='lat' dir='ltr'>magnitudo</span> <span class='ocrx_word' id='word_1_65' title='bbox 343 707 390 739; x_wconf 88' lang='lat' dir='ltr'>ut</span> <span class='ocrx_word' id='word_1_66' title='bbox 413 708 502 739; x_wconf 86' lang='lat' dir='ltr'>tam</span> <span class='ocrx_word' id='word_1_67' title='bbox 523 692 713 738; x_wconf 82' lang='lat' dir='ltr'>arduum</span> <span class='ocrx_word' id='word_1_68' title='bbox 738 709 853 757; x_wconf 84' lang='lat' dir='ltr'>opus</span> <span class='ocrx_word' id='word_1_69' title='bbox 873 690 1111 759; x_wconf 73' lang='lat' dir='ltr'>sstsciperet</span> <span class='ocrx_word' id='word_1_70' title='bbox 1127 735 1139 755; x_wconf 82' lang='lat'>,</span> <span class='ocrx_word' id='word_1_71' title='bbox 1171 700 1320 747; x_wconf 66' lang='lat' dir='ltr'>tanta-</span> 
     </span>
    </p>

    <p class='ocr_par' dir='ltr' id='par_1_10' title="bbox 45 757 1321 830">
     <span class='ocr_line' id='line_1_10' title="bbox 45 757 1321 830; baseline 0.009 -29"><span class='ocrx_word' id='word_1_72' title='bbox 45 771 138 820; x_wconf 81' lang='lat' dir='ltr'>que</span> <span class='ocrx_word' id='word_1_73' title='bbox 185 757 411 804; x_wconf 87' lang='lat' dir='ltr'>celeritate</span> <span class='ocrx_word' id='word_1_74' title='bbox 457 774 770 824; x_wconf 72' lang='lat' dir='ltr'>exequeretur.</span> <span class='ocrx_word' id='word_1_75' title='bbox 839 758 1057 826; x_wconf 70' lang='lat' dir='ltr'>Cumque</span> <span class='ocrx_word' id='word_1_76' title='bbox 1093 763 1321 830; x_wconf 81' lang='lat' dir='ltr'>Principis</span> 
     </span>
    </p>

    <p class='ocr_par' dir='ltr' id='par_1_11' title="bbox 43 822 1322 897">
     <span class='ocr_line' id='line_1_11' title="bbox 43 822 1322 897; baseline 0.01 -30"><span class='ocrx_word' id='word_1_77' title='bbox 43 823 203 868; x_wconf 84' lang='lat' dir='ltr'>animo</span> <span class='ocrx_word' id='word_1_78' title='bbox 241 841 325 887; x_wconf 85' lang='lat' dir='ltr'>par</span> <span class='ocrx_word' id='word_1_79' title='bbox 362 822 467 871; x_wconf 73' lang='lat' dir='ltr'>esset</span> <span class='ocrx_word' id='word_1_80' title='bbox 500 824 746 888; x_wconf 86' lang='lat' dir='ltr'>prudentia</span> <span class='ocrx_word' id='word_1_81' title='bbox 777 863 790 885; x_wconf 83' lang='lat'>‚</span> <span class='ocrx_word' id='word_1_82' title='bbox 841 826 1005 873; x_wconf 61' lang='lat' dir='ltr'>structa</span> <span class='ocrx_word' id='word_1_83' title='bbox 1042 830 1089 874; x_wconf 88' lang='lat' dir='ltr'>in</span> <span class='ocrx_word' id='word_1_84' title='bbox 1128 832 1322 897; x_wconf 62' lang='lat' dir='ltr'>utraque</span> 
     </span>
    </p>

    <p class='ocr_par' dir='ltr' id='par_1_12' title="bbox 43 887 1321 1028">
     <span class='ocr_line' id='line_1_12' title="bbox 43 887 1321 957; baseline 0.009 -24"><span class='ocrx_word' id='word_1_85' title='bbox 43 887 244 935; x_wconf 82' lang='lat' dir='ltr'>fluminis</span> <span class='ocrx_word' id='word_1_86' title='bbox 275 891 374 953; x_wconf 65' lang='lat' dir='ltr'>ripa</span> <span class='ocrx_word' id='word_1_87' title='bbox 400 890 602 954; x_wconf 81' lang='lat' dir='ltr'>praefidia</span> <span class='ocrx_word' id='word_1_88' title='bbox 621 929 632 949; x_wconf 88' lang='lat'>‚</span> <span class='ocrx_word' id='word_1_89' title='bbox 669 908 767 957; x_wconf 84' lang='lat' dir='ltr'>quae</span> <span class='ocrx_word' id='word_1_90' title='bbox 792 908 984 956; x_wconf 88' lang='lat' dir='ltr'>pontem</span> <span class='ocrx_word' id='word_1_91' title='bbox 1008 892 1321 945; x_wconf 80' lang='lat' dir='ltr'>defenderent.</span> 
     </span>
     <span class='ocr_line' id='line_1_13' title="bbox 108 951 1319 1028; baseline 0.01 -28"><span class='ocrx_word' id='word_1_92' title='bbox 108 951 273 1001; x_wconf 61' lang='lat' dir='ltr'>Praeter</span> <span class='ocrx_word' id='word_1_93' title='bbox 304 955 511 1004; x_wconf 85' lang='lat' dir='ltr'>Dionem</span> <span class='ocrx_word' id='word_1_94' title='bbox 547 956 769 1005; x_wconf 84' lang='lat' dir='ltr'>Historici</span> <span class='ocrx_word' id='word_1_95' title='bbox 803 960 933 1006; x_wconf 88' lang='lat' dir='ltr'>multi</span> <span class='ocrx_word' id='word_1_96' title='bbox 968 958 1023 1006; x_wconf 91' lang='lat' dir='ltr'>de</span> <span class='ocrx_word' id='word_1_97' title='bbox 1053 960 1142 1009; x_wconf 90' lang='lat' dir='ltr'>hoc</span> <span class='ocrx_word' id='word_1_98' title='bbox 1172 981 1319 1028; x_wconf 80' lang='lat' dir='ltr'>ponte</span> 
     </span>
    </p>

    <p class='ocr_par' dir='ltr' id='par_1_13' title="bbox 0 1010 1320 1091">
     <span class='ocr_line' id='line_1_14' title="bbox 0 1010 1320 1091; baseline 0.011 -27"><span class='ocrx_word' id='word_1_99' title='bbox 0 1019 1 1026; x_wconf 44' lang='lat'>³</span> <span class='ocrx_word' id='word_1_100' title='bbox 42 1010 310 1084; x_wconf 81' lang='lat' dir='ltr'>scripserant</span> <span class='ocrx_word' id='word_1_101' title='bbox 346 1041 356 1068; x_wconf 91' lang='lat'><strong>:</strong></span> <span class='ocrx_word' id='word_1_102' title='bbox 399 1024 530 1083; x_wconf 77' lang='lat' dir='ltr'>hujus</span> <span class='ocrx_word' id='word_1_103' title='bbox 579 1041 767 1091; x_wconf 84' lang='lat' dir='ltr'>quoque</span> <span class='ocrx_word' id='word_1_104' title='bbox 816 1025 1121 1075; x_wconf 85' lang='lat' dir='ltr'>meminerant</span> <span class='ocrx_word' id='word_1_105' title='bbox 1147 1067 1159 1088; x_wconf 90' lang='lat'>‚</span> <span class='ocrx_word' id='word_1_106' title='bbox 1212 1032 1320 1079; x_wconf 80' lang='lat' dir='ltr'>teste</span> 
     </span>
    </p>

    <p class='ocr_par' dir='ltr' id='par_1_14' title="bbox 41 1082 1316 1152">
     <span class='ocr_line' id='line_1_15' title="bbox 41 1082 1316 1152; baseline 0.011 -21"><span class='ocrx_word' id='word_1_107' title='bbox 41 1082 214 1133; x_wconf 83' lang='lat' dir='ltr'>Tzetze</span> <span class='ocrx_word' id='word_1_108' title='bbox 232 1127 244 1147; x_wconf 84' lang='lat'>,</span> <span class='ocrx_word' id='word_1_109' title='bbox 264 1087 469 1139; x_wconf 80' lang='lat' dir='ltr'>Chiliad,</span> <span class='ocrx_word' id='word_1_110' title='bbox 490 1089 535 1135; x_wconf 88' lang='lat' dir='ltr'>II</span> <span class='ocrx_word' id='word_1_111' title='bbox 554 1128 565 1149; x_wconf 85' lang='lat'>,</span> <span class='ocrx_word' id='word_1_112' title='bbox 595 1105 649 1152; x_wconf 78' lang='lat'>35</span> <span class='ocrx_word' id='word_1_113' title='bbox 671 1129 683 1150; x_wconf 87' lang='lat'>,</span> <span class='ocrx_word' id='word_1_114' title='bbox 711 1107 807 1137; x_wconf 86' lang='lat' dir='ltr'>tum</span> <span class='ocrx_word' id='word_1_115' title='bbox 829 1090 1105 1141; x_wconf 85' lang='lat' dir='ltr'>Philaeterius</span> <span class='ocrx_word' id='word_1_116' title='bbox 1132 1097 1178 1142; x_wconf 89' lang='lat' dir='ltr'>in</span> <span class='ocrx_word' id='word_1_117' title='bbox 1197 1097 1316 1144; x_wconf 81' lang='lat' dir='ltr'>libro</span> 
     </span>
    </p>

    <p class='ocr_par' dir='ltr' id='par_1_15' title="bbox 43 1149 1319 1226">
     <span class='ocr_line' id='line_1_16' title="bbox 43 1149 1319 1226; baseline 0.011 -29"><span class='ocrx_word' id='word_1_118' title='bbox 43 1149 101 1198; x_wconf 89' lang='lat' dir='ltr'>de</span> <span class='ocrx_word' id='word_1_119' title='bbox 123 1151 341 1202; x_wconf 88' lang='lat' dir='ltr'>Portuum</span> <span class='ocrx_word' id='word_1_120' title='bbox 372 1156 596 1203; x_wconf 57' lang='lat' dir='ltr'>structuris</span> <span class='ocrx_word' id='word_1_121' title='bbox 621 1162 665 1202; x_wconf 61' lang='grc' dir='ltr'>ὃς</span> <span class='ocrx_word' id='word_1_122' title='bbox 694 1155 1097 1208; x_wconf 76' lang='lat' dir='ltr'>fundamentorum</span> <span class='ocrx_word' id='word_1_123' title='bbox 1123 1162 1319 1226; x_wconf 79' lang='lat' dir='ltr'>pofitio-</span> 
     </span>
    </p>

    <p class='ocr_par' dir='ltr' id='par_1_16' title="bbox 39 1217 1318 1294">
     <span class='ocr_line' id='line_1_17' title="bbox 39 1217 1318 1294; baseline 0.011 -30"><span class='ocrx_word' id='word_1_124' title='bbox 39 1217 173 1266; x_wconf 85' lang='lat' dir='ltr'>nibus</span> <span class='ocrx_word' id='word_1_125' title='bbox 203 1258 214 1279; x_wconf 94' lang='lat'>,</span> <span class='ocrx_word' id='word_1_126' title='bbox 266 1236 361 1267; x_wconf 87' lang='lat' dir='ltr'>tum</span> <span class='ocrx_word' id='word_1_127' title='bbox 407 1220 700 1286; x_wconf 86' lang='lat' dir='ltr'>Theophilus</span> <span class='ocrx_word' id='word_1_128' title='bbox 727 1262 738 1283; x_wconf 92' lang='lat'>‚</span> <span class='ocrx_word' id='word_1_129' title='bbox 787 1222 1080 1289; x_wconf 86' lang='lat' dir='ltr'>proconsul,</span> <span class='ocrx_word' id='word_1_130' title='bbox 1133 1231 1210 1294; x_wconf 88' lang='lat' dir='ltr'>qui</span> <span class='ocrx_word' id='word_1_131' title='bbox 1253 1231 1318 1278; x_wconf 84' lang='lat' dir='ltr'>ait</span> 
     </span>
    </p>

    <p class='ocr_par' dir='ltr' id='par_1_17' title="bbox 38 1283 1320 1355">
     <span class='ocr_line' id='line_1_18' title="bbox 38 1283 1320 1355; baseline 0.008 -23"><span class='ocrx_word' id='word_1_132' title='bbox 38 1283 389 1349; x_wconf 83' lang='lat' dir='ltr'>Apollodorum</span> <span class='ocrx_word' id='word_1_133' title='bbox 416 1326 428 1348; x_wconf 86' lang='lat'>,</span> <span class='ocrx_word' id='word_1_134' title='bbox 484 1289 810 1337; x_wconf 82' lang='lat' dir='ltr'>nobiliffimum</span> <span class='ocrx_word' id='word_1_135' title='bbox 859 1291 1157 1340; x_wconf 64' lang='lat' dir='ltr'>architectum</span> <span class='ocrx_word' id='word_1_136' title='bbox 1191 1334 1204 1355; x_wconf 85' lang='lat'>,</span> <span class='ocrx_word' id='word_1_137' title='bbox 1269 1302 1320 1343; x_wconf 83' lang='lat'>&amp;</span> 
     </span>
    </p>

    <p class='ocr_par' dir='ltr' id='par_1_18' title="bbox 37 1352 1318 1423">
     <span class='ocr_line' id='line_1_19' title="bbox 37 1352 1318 1423; baseline 0.009 -25"><span class='ocrx_word' id='word_1_138' title='bbox 37 1353 195 1415; x_wconf 86' lang='lat' dir='ltr'>pontis</span> <span class='ocrx_word' id='word_1_139' title='bbox 224 1352 440 1417; x_wconf 87' lang='lat' dir='ltr'>opificem</span> <span class='ocrx_word' id='word_1_140' title='bbox 461 1393 473 1414; x_wconf 89' lang='lat'>,</span> <span class='ocrx_word' id='word_1_141' title='bbox 503 1372 607 1403; x_wconf 90' lang='lat' dir='ltr'>ante</span> <span class='ocrx_word' id='word_1_142' title='bbox 629 1357 747 1417; x_wconf 43' lang='lat' dir='ltr'>jac&amp;</span> <span class='ocrx_word' id='word_1_143' title='bbox 767 1355 1067 1407; x_wconf 83' lang='lat' dir='ltr'>fundamenta</span> <span class='ocrx_word' id='word_1_144' title='bbox 1085 1363 1286 1409; x_wconf 80' lang='lat' dir='ltr'>arculam</span> <span class='ocrx_word' id='word_1_145' title='bbox 1302 1400 1318 1423; x_wconf 87' lang='lat'>‚</span> 
     </span>
    </p>

    <p class='ocr_par' dir='ltr' id='par_1_19' title="bbox 77 1419 1320 1492">
     <span class='ocr_line' id='line_1_20' title="bbox 77 1419 1320 1492; baseline 0.01 -28"><span class='ocrx_word' id='word_1_146' title='bbox 77 1435 181 1465; x_wconf 80' lang='lat' dir='ltr'>uam</span> <span class='ocrx_word' id='word_1_147' title='bbox 216 1419 404 1469; x_wconf 68' lang='grc' dir='ltr'><em>κιζῶτιον</em></span> <span class='ocrx_word' id='word_1_148' title='bbox 439 1438 604 1482; x_wconf 85' lang='lat' dir='ltr'>vocat,</span> <span class='ocrx_word' id='word_1_149' title='bbox 643 1421 826 1470; x_wconf 77' lang='lat' dir='ltr'>Gallice</span> <span class='ocrx_word' id='word_1_150' title='bbox 863 1441 922 1471; x_wconf 79' lang='lat' dir='ltr'>tm</span> <span class='ocrx_word' id='word_1_151' title='bbox 960 1425 1274 1492; x_wconf 63' lang='lat' dir='ltr'>encazſjesnetzr</span> <span class='ocrx_word' id='word_1_152' title='bbox 1300 1465 1320 1487; x_wconf 81' lang='lat'><em>,</em></span> 
     </span>
    </p>

    <p class='ocr_par' dir='ltr' id='par_1_20' title="bbox 37 1433 1318 1553">
     <span class='ocr_line' id='line_1_21' title="bbox 37 1433 1318 1553; baseline 0.009 -22"><span class='ocrx_word' id='word_1_153' title='bbox 37 1433 275 1533; x_wconf 53' lang='lat' dir='ltr'>{iabricasse</span> <span class='ocrx_word' id='word_1_154' title='bbox 306 1487 596 1553; x_wconf 83' lang='lat' dir='ltr'>longitudine</span> <span class='ocrx_word' id='word_1_155' title='bbox 622 1488 796 1553; x_wconf 81' lang='lat' dir='ltr'>pedum</span> <span class='ocrx_word' id='word_1_156' title='bbox 822 1508 912 1538; x_wconf 82' lang='lat'>120</span> <span class='ocrx_word' id='word_1_157' title='bbox 930 1529 942 1549; x_wconf 91' lang='lat'>‚</span> <span class='ocrx_word' id='word_1_158' title='bbox 972 1492 1210 1542; x_wconf 82' lang='lat' dir='ltr'>latitudine</span> <span class='ocrx_word' id='word_1_159' title='bbox 1238 1498 1318 1542; x_wconf 90' lang='lat'>80.</span> 
     </span>
    </p>

    <p class='ocr_par' dir='ltr' id='par_1_21' title="bbox 0 1548 1317 1625">
     <span class='ocr_line' id='line_1_22' title="bbox 0 1548 1317 1625; baseline 0.008 -27"><span class='ocrx_word' id='word_1_160' title='bbox 0 1562 1 1566; x_wconf 76' lang='grc'>’</span> <span class='ocrx_word' id='word_1_161' title='bbox 37 1548 242 1600; x_wconf 85' lang='lat' dir='ltr'>Firmata</span> <span class='ocrx_word' id='word_1_162' title='bbox 275 1570 444 1619; x_wconf 88' lang='lat' dir='ltr'>nempe</span> <span class='ocrx_word' id='word_1_163' title='bbox 483 1555 558 1602; x_wconf 88' lang='lat' dir='ltr'>tali</span> <span class='ocrx_word' id='word_1_164' title='bbox 611 1557 763 1604; x_wconf 68' lang='lat' dir='ltr'>arcula</span> <span class='ocrx_word' id='word_1_165' title='bbox 799 1555 1076 1623; x_wconf 80' lang='lat' dir='ltr'>singularum</span> <span class='ocrx_word' id='word_1_166' title='bbox 1114 1561 1317 1625; x_wconf 85' lang='lat' dir='ltr'>pilarum</span> 
     </span>
    </p>

    <p class='ocr_par' dir='ltr' id='par_1_22' title="bbox 36 1615 1317 1688">
     <span class='ocr_line' id='line_1_23' title="bbox 36 1615 1317 1688; baseline 0.009 -24"><span class='ocrx_word' id='word_1_167' title='bbox 36 1615 351 1667; x_wconf 83' lang='lat' dir='ltr'>fundamenta.</span> <span class='ocrx_word' id='word_1_168' title='bbox 413 1619 514 1684; x_wconf 86' lang='lat' dir='ltr'>Ipse</span> <span class='ocrx_word' id='word_1_169' title='bbox 554 1638 742 1688; x_wconf 84' lang='lat' dir='ltr'>quoque</span> <span class='ocrx_word' id='word_1_170' title='bbox 780 1621 1098 1688; x_wconf 84' lang='lat' dir='ltr'>Apollodorus</span> <span class='ocrx_word' id='word_1_171' title='bbox 1137 1626 1193 1674; x_wconf 87' lang='lat' dir='ltr'>de</span> <span class='ocrx_word' id='word_1_172' title='bbox 1236 1625 1317 1675; x_wconf 85' lang='lat' dir='ltr'>suo</span> 
     </span>
    </p>

    <p class='ocr_par' dir='ltr' id='par_1_23' title="bbox 39 1684 1316 1756">
     <span class='ocr_line' id='line_1_24' title="bbox 39 1684 1316 1756; baseline 0.009 -26"><span class='ocrx_word' id='word_1_173' title='bbox 39 1700 184 1748; x_wconf 89' lang='lat' dir='ltr'>ponte</span> <span class='ocrx_word' id='word_1_174' title='bbox 204 1685 369 1733; x_wconf 86' lang='lat' dir='ltr'>librum</span> <span class='ocrx_word' id='word_1_175' title='bbox 400 1684 645 1752; x_wconf 79' lang='lat' dir='ltr'>scripserat.</span> <span class='ocrx_word' id='word_1_176' title='bbox 679 1688 873 1736; x_wconf 87' lang='lat' dir='ltr'>Utinam</span> <span class='ocrx_word' id='word_1_177' title='bbox 894 1690 972 1737; x_wconf 90' lang='lat' dir='ltr'>illa</span> <span class='ocrx_word' id='word_1_178' title='bbox 995 1710 1139 1756; x_wconf 85' lang='lat' dir='ltr'>opera</span> <span class='ocrx_word' id='word_1_179' title='bbox 1159 1694 1316 1742; x_wconf 88' lang='lat' dir='ltr'>exsta-</span> 
     </span>
    </p>

    <p class='ocr_par' dir='ltr' id='par_1_24' title="bbox 36 1752 1316 1820">
     <span class='ocr_line' id='line_1_25' title="bbox 36 1752 1316 1820; baseline 0.009 -24"><span class='ocrx_word' id='word_1_180' title='bbox 36 1766 138 1798; x_wconf 82' lang='lat' dir='ltr'>rent</span> <span class='ocrx_word' id='word_1_181' title='bbox 154 1790 165 1811; x_wconf 91' lang='lat'>‚</span> <span class='ocrx_word' id='word_1_182' title='bbox 194 1752 356 1818; x_wconf 79' lang='lat' dir='ltr'>quibus</span> <span class='ocrx_word' id='word_1_183' title='bbox 375 1754 519 1801; x_wconf 85' lang='lat' dir='ltr'>multa</span> <span class='ocrx_word' id='word_1_184' title='bbox 533 1753 589 1801; x_wconf 91' lang='lat' dir='ltr'>de</span> <span class='ocrx_word' id='word_1_185' title='bbox 608 1756 905 1820; x_wconf 86' lang='lat' dir='ltr'>antiquorum</span> <span class='ocrx_word' id='word_1_186' title='bbox 925 1758 1091 1806; x_wconf 85' lang='lat' dir='ltr'>artibus</span> <span class='ocrx_word' id='word_1_187' title='bbox 1118 1758 1316 1809; x_wconf 74' lang='lat' dir='ltr'>abstrusa</span> 
     </span>
    </p>

    <p class='ocr_par' dir='ltr' id='par_1_25' title="bbox 38 1817 1314 1894">
     <span class='ocr_line' id='line_1_26' title="bbox 38 1817 1314 1894; baseline 0.009 -31"><span class='ocrx_word' id='word_1_188' title='bbox 38 1821 82 1862; x_wconf 90' lang='lat'>&amp;</span> <span class='ocrx_word' id='word_1_189' title='bbox 106 1818 270 1883; x_wconf 83' lang='lat' dir='ltr'>ignota</span> <span class='ocrx_word' id='word_1_190' title='bbox 288 1817 558 1866; x_wconf 84' lang='lat' dir='ltr'>doceremur</span> <span class='ocrx_word' id='word_1_191' title='bbox 579 1858 591 1879; x_wconf 88' lang='lat'>,</span> <span class='ocrx_word' id='word_1_192' title='bbox 621 1821 823 1888; x_wconf 87' lang='lat' dir='ltr'>quidque</span> <span class='ocrx_word' id='word_1_193' title='bbox 849 1821 906 1868; x_wconf 89' lang='lat' dir='ltr'>de</span> <span class='ocrx_word' id='word_1_194' title='bbox 925 1841 1069 1887; x_wconf 91' lang='lat' dir='ltr'>ponte</span> <span class='ocrx_word' id='word_1_195' title='bbox 1090 1864 1102 1884; x_wconf 89' lang='lat'>‚</span> <span class='ocrx_word' id='word_1_196' title='bbox 1137 1825 1194 1874; x_wconf 90' lang='lat' dir='ltr'>de</span> <span class='ocrx_word' id='word_1_197' title='bbox 1216 1844 1314 1894; x_wconf 81' lang='lat' dir='ltr'>quo</span> 
     </span>
    </p>

    <p class='ocr_par' dir='ltr' id='par_1_26' title="bbox 37 1884 1315 2005">
     <span class='ocr_line' id='line_1_27' title="bbox 37 1884 1246 1956; baseline 0.008 -27"><span class='ocrx_word' id='word_1_198' title='bbox 37 1899 163 1930; x_wconf 87' lang='lat' dir='ltr'>nunc</span> <span class='ocrx_word' id='word_1_199' title='bbox 193 1886 369 1948; x_wconf 81' lang='lat' dir='ltr'>agimus</span> <span class='ocrx_word' id='word_1_200' title='bbox 391 1923 404 1944; x_wconf 92' lang='lat'>,</span> <span class='ocrx_word' id='word_1_201' title='bbox 440 1884 488 1932; x_wconf 85' lang='lat' dir='ltr'>fit</span> <span class='ocrx_word' id='word_1_202' title='bbox 517 1884 801 1934; x_wconf 85' lang='lat' dir='ltr'>sentiendum</span> <span class='ocrx_word' id='word_1_203' title='bbox 823 1926 835 1945; x_wconf 89' lang='lat'>‚</span> <span class='ocrx_word' id='word_1_204' title='bbox 869 1890 1246 1956; x_wconf 63' lang='lat' dir='ltr'>intelligeremus.</span> 
     </span>
     <span class='ocr_line' id='line_1_28' title="bbox 109 1947 1315 2005; baseline 0.008 -9"><span class='ocrx_word' id='word_1_205' title='bbox 109 1947 353 1996; x_wconf 86' lang='lat' dir='ltr'>Nonnulla</span> <span class='ocrx_word' id='word_1_206' title='bbox 374 1953 498 1996; x_wconf 87' lang='lat' dir='ltr'>enim</span> <span class='ocrx_word' id='word_1_207' title='bbox 522 1954 716 1998; x_wconf 85' lang='lat' dir='ltr'>occurrit</span> <span class='ocrx_word' id='word_1_208' title='bbox 739 1951 995 2000; x_wconf 76' lang='lat' dir='ltr'>difficultas.</span> <span class='ocrx_word' id='word_1_209' title='bbox 1031 1957 1168 2004; x_wconf 78' lang='lat' dir='ltr'>Multi</span> <span class='ocrx_word' id='word_1_210' title='bbox 1194 1957 1315 2005; x_wconf 82' lang='lat' dir='ltr'>exis-</span> 
     </span>
    </p>

    <p class='ocr_par' dir='ltr' id='par_1_27' title="bbox 38 2015 1314 2083">
     <span class='ocr_line' id='line_1_29' title="bbox 38 2015 1314 2083; baseline 0.006 -20"><span class='ocrx_word' id='word_1_211' title='bbox 38 2015 202 2063; x_wconf 80' lang='lat' dir='ltr'>timant</span> <span class='ocrx_word' id='word_1_212' title='bbox 224 2030 369 2062; x_wconf 89' lang='lat' dir='ltr'>totum</span> <span class='ocrx_word' id='word_1_213' title='bbox 390 2015 521 2061; x_wconf 88' lang='lat' dir='ltr'>illum</span> <span class='ocrx_word' id='word_1_214' title='bbox 543 2032 737 2080; x_wconf 86' lang='lat' dir='ltr'>pontem</span> <span class='ocrx_word' id='word_1_215' title='bbox 757 2015 883 2064; x_wconf 77' lang='lat' dir='ltr'>fuisse</span> <span class='ocrx_word' id='word_1_216' title='bbox 900 2019 1135 2083; x_wconf 84' lang='lat' dir='ltr'>lapideum</span> <span class='ocrx_word' id='word_1_217' title='bbox 1157 2040 1171 2083; x_wconf 80' lang='lat'>3</span> <span class='ocrx_word' id='word_1_218' title='bbox 1192 2021 1314 2070; x_wconf 83' lang='lat' dir='ltr'>suas-</span> 
     </span>
    </p>

    <p class='ocr_par' dir='ltr' id='par_1_28' title="bbox 38 2081 1314 2151">
     <span class='ocr_line' id='line_1_30' title="bbox 38 2081 1314 2151; baseline 0.009 -24"><span class='ocrx_word' id='word_1_219' title='bbox 38 2098 130 2146; x_wconf 86' lang='lat' dir='ltr'>que</span> <span class='ocrx_word' id='word_1_220' title='bbox 150 2082 199 2128; x_wconf 87' lang='lat' dir='ltr'>in</span> <span class='ocrx_word' id='word_1_221' title='bbox 224 2097 371 2144; x_wconf 86' lang='lat' dir='ltr'>partes</span> <span class='ocrx_word' id='word_1_222' title='bbox 392 2081 574 2128; x_wconf 85' lang='lat' dir='ltr'>trahunt</span> <span class='ocrx_word' id='word_1_223' title='bbox 594 2082 802 2130; x_wconf 87' lang='lat' dir='ltr'>Dionem</span> <span class='ocrx_word' id='word_1_224' title='bbox 823 2121 833 2141; x_wconf 93' lang='lat'>‚</span> <span class='ocrx_word' id='word_1_225' title='bbox 865 2086 943 2149; x_wconf 84' lang='lat' dir='ltr'>qui</span> <span class='ocrx_word' id='word_1_226' title='bbox 962 2086 1141 2151; x_wconf 64' lang='grc' dir='ltr'>’γέφυραν</span> <span class='ocrx_word' id='word_1_227' title='bbox 1161 2088 1314 2144; x_wconf 68' lang='grc' dir='ltr'>λιθίνην</span> 
     </span>
    </p>

    <p class='ocr_par' dir='ltr' id='par_1_29' title="bbox 39 2146 1312 2221">
     <span class='ocr_line' id='line_1_31' title="bbox 39 2146 1312 2221; baseline 0.007 -27"><span class='ocrx_word' id='word_1_228' title='bbox 39 2146 165 2206; x_wconf 82' lang='lat' dir='ltr'>dixit.</span> <span class='ocrx_word' id='word_1_229' title='bbox 201 2147 266 2194; x_wconf 89' lang='lat' dir='ltr'>At</span> <span class='ocrx_word' id='word_1_230' title='bbox 289 2146 524 2195; x_wconf 85' lang='lat' dir='ltr'>Columna</span> <span class='ocrx_word' id='word_1_231' title='bbox 541 2147 736 2208; x_wconf 60' lang='lat' dir='ltr'>Traiani</span> <span class='ocrx_word' id='word_1_232' title='bbox 755 2187 767 2208; x_wconf 85' lang='lat'>‚</span> <span class='ocrx_word' id='word_1_233' title='bbox 795 2148 916 2196; x_wconf 85' lang='lat' dir='ltr'>Tab.</span> <span class='ocrx_word' id='word_1_234' title='bbox 944 2169 1033 2211; x_wconf 86' lang='lat'>74,</span> <span class='ocrx_word' id='word_1_235' title='bbox 1068 2155 1182 2218; x_wconf 84' lang='lat' dir='ltr'>pilas</span> <span class='ocrx_word' id='word_1_236' title='bbox 1204 2157 1312 2221; x_wconf 84' lang='lat' dir='ltr'>qui-</span> 
     </span>
    </p>

    <p class='ocr_par' dir='ltr' id='par_1_30' title="bbox 39 2212 1312 2285">
     <span class='ocr_line' id='line_1_32' title="bbox 39 2212 1312 2285; baseline 0.008 -25"><span class='ocrx_word' id='word_1_237' title='bbox 39 2212 145 2261; x_wconf 88' lang='lat' dir='ltr'>dem</span> <span class='ocrx_word' id='word_1_238' title='bbox 191 2213 432 2277; x_wconf 83' lang='lat' dir='ltr'>quadratas</span> <span class='ocrx_word' id='word_1_239' title='bbox 481 2214 797 2281; x_wconf 80' lang='lat' dir='ltr'>quadratoque</span> <span class='ocrx_word' id='word_1_240' title='bbox 842 2215 995 2280; x_wconf 83' lang='lat' dir='ltr'>lapide</span> <span class='ocrx_word' id='word_1_241' title='bbox 1042 2224 1312 2285; x_wconf 61' lang='lat' dir='ltr'>compafias</span> 
     </span>
    </p>

    <p class='ocr_par' dir='ltr' id='par_1_31' title="bbox 30 2277 1312 2349">
     <span class='ocr_line' id='line_1_33' title="bbox 30 2277 1312 2349; baseline 0.008 -23"><span class='ocrx_word' id='word_1_242' title='bbox 30 2278 222 2327; x_wconf 86' lang='lat' dir='ltr'>exhibet</span> <span class='ocrx_word' id='word_1_243' title='bbox 240 2318 252 2338; x_wconf 90' lang='lat'>,</span> <span class='ocrx_word' id='word_1_244' title='bbox 276 2277 348 2326; x_wconf 83' lang='lat' dir='ltr'>sed</span> <span class='ocrx_word' id='word_1_245' title='bbox 368 2279 564 2327; x_wconf 79' lang='lat' dir='ltr'>fornices</span> <span class='ocrx_word' id='word_1_246' title='bbox 583 2319 594 2338; x_wconf 89' lang='lat'>,</span> <span class='ocrx_word' id='word_1_247' title='bbox 614 2284 940 2329; x_wconf 86' lang='lat' dir='ltr'>concameratis</span> <span class='ocrx_word' id='word_1_248' title='bbox 961 2284 1096 2349; x_wconf 80' lang='lat' dir='ltr'>lignis</span> <span class='ocrx_word' id='word_1_249' title='bbox 1119 2288 1312 2336; x_wconf 61' lang='lat' dir='ltr'>structos</span> 
     </span>
    </p>

    <p class='ocr_par' dir='ltr' id='par_1_32' title="bbox 43 2346 1310 2420">
     <span class='ocr_line' id='line_1_34' title="bbox 43 2346 1310 2420; baseline 0.006 -27"><span class='ocrx_word' id='word_1_250' title='bbox 43 2351 89 2393; x_wconf 63' lang='grc' dir='ltr'>ὃ(</span> <span class='ocrx_word' id='word_1_251' title='bbox 120 2346 224 2410; x_wconf 87' lang='lat' dir='ltr'>pilis</span> <span class='ocrx_word' id='word_1_252' title='bbox 252 2346 490 2410; x_wconf 76' lang='lat' dir='ltr'>impositos</span> <span class='ocrx_word' id='word_1_253' title='bbox 520 2346 729 2394; x_wconf 84' lang='lat' dir='ltr'>ostendit.</span> <span class='ocrx_word' id='word_1_254' title='bbox 775 2347 830 2393; x_wconf 90' lang='lat' dir='ltr'>In</span> <span class='ocrx_word' id='word_1_255' title='bbox 866 2353 1092 2414; x_wconf 77' lang='lat' dir='ltr'>argenteis</span> <span class='ocrx_word' id='word_1_256' title='bbox 1120 2371 1310 2420; x_wconf 85' lang='lat' dir='ltr'>quoque</span> 
     </span>
    </p>

    <p class='ocr_par' dir='ltr' id='par_1_33' title="bbox 31 2409 1311 2477">
     <span class='ocr_line' id='line_1_35' title="bbox 31 2409 1311 2477; baseline 0.01 -22"><span class='ocrx_word' id='word_1_257' title='bbox 31 2409 235 2470; x_wconf 68' lang='lat' dir='ltr'>&#39;Traiani</span> <span class='ocrx_word' id='word_1_258' title='bbox 272 2415 470 2459; x_wconf 86' lang='lat' dir='ltr'>nummis</span> <span class='ocrx_word' id='word_1_259' title='bbox 497 2451 508 2472; x_wconf 86' lang='lat'>‚</span> <span class='ocrx_word' id='word_1_260' title='bbox 545 2411 766 2477; x_wconf 79' lang='lat' dir='ltr'>inscriptis</span> <span class='ocrx_word' id='word_1_261' title='bbox 804 2429 1081 2466; x_wconf 77' lang='lat' dir='ltr'>DANVVIVS</span> <span class='ocrx_word' id='word_1_262' title='bbox 1104 2455 1115 2477; x_wconf 88' lang='lat'>‚</span> <span class='ocrx_word' id='word_1_263' title='bbox 1158 2419 1311 2473; x_wconf 84' lang='lat' dir='ltr'>videre</span> 
     </span>
    </p>

    <p class='ocr_par' dir='ltr' id='par_1_34' title="bbox 42 2477 1312 2549">
     <span class='ocr_line' id='line_1_36' title="bbox 42 2477 1312 2549; baseline 0.008 -26"><span class='ocrx_word' id='word_1_264' title='bbox 42 2478 106 2524; x_wconf 87' lang='lat' dir='ltr'>est</span> <span class='ocrx_word' id='word_1_265' title='bbox 121 2477 390 2525; x_wconf 81' lang='lat' dir='ltr'>Danubium</span> <span class='ocrx_word' id='word_1_266' title='bbox 430 2477 507 2526; x_wconf 83' lang='lat' dir='ltr'>sub</span> <span class='ocrx_word' id='word_1_267' title='bbox 545 2478 721 2526; x_wconf 86' lang='lat' dir='ltr'>fornice</span> <span class='ocrx_word' id='word_1_268' title='bbox 769 2479 944 2544; x_wconf 77' lang='lat' dir='ltr'>ligneo.</span> <span class='ocrx_word' id='word_1_269' title='bbox 1000 2482 1161 2549; x_wconf 81' lang='lat' dir='ltr'>Itaque</span> <span class='ocrx_word' id='word_1_270' title='bbox 1195 2485 1312 2532; x_wconf 83' lang='lat' dir='ltr'>exis-</span> 
     </span>
    </p>

    <p class='ocr_par' dir='ltr' id='par_1_35' title="bbox 34 2544 1308 2663">
     <span class='ocr_line' id='line_1_37' title="bbox 34 2544 1308 2663; baseline 0.008 -72"><span class='ocrx_word' id='word_1_271' title='bbox 34 2544 298 2592; x_wconf 46' lang='lat' dir='ltr'>¹timaverim</span> <span class='ocrx_word' id='word_1_272' title='bbox 328 2545 672 2663; x_wconf 41' lang='lat' dir='ltr'>ffollodorum</span> <span class='ocrx_word' id='word_1_273' title='bbox 703 2544 934 2597; x_wconf 81' lang='lat' dir='ltr'>destinasse</span> <span class='ocrx_word' id='word_1_274' title='bbox 961 2562 1154 2613; x_wconf 83' lang='lat' dir='ltr'>pontem</span> <span class='ocrx_word' id='word_1_275' title='bbox 1178 2551 1308 2602; x_wconf 85' lang='lat' dir='ltr'>illum</span> 
     </span>
    </p>
   </div>
   <div class='ocr_carea' id='block_1_3' title="bbox 177 2606 1127 2667">
    <p class='ocr_par' dir='ltr' id='par_1_36' title="bbox 177 2606 1127 2667">
     <span class='ocr_line' id='line_1_38' title="bbox 177 2606 1127 2667; baseline 0.011 -10"><span class='ocrx_word' id='word_1_276' title='bbox 177 2606 304 2661; x_wconf 81' lang='lat' dir='ltr'>Tom.</span> <span class='ocrx_word' id='word_1_277' title='bbox 378 2643 391 2660; x_wconf 82' lang='grc'><strong>.</strong></span> <span class='ocrx_word' id='word_1_278' title='bbox 1093 2616 1127 2667; x_wconf 91' lang='lat' dir='ltr'><strong><em>S</em></strong></span> 
     </span>
    </p>
   </div>
   <div class='ocr_carea' id='block_1_4' title="bbox 1349 254 1516 260">
    <p class='ocr_par' dir='ltr' id='par_1_37' title="bbox 1349 254 1516 260">
     <span class='ocr_line' id='line_1_39' title="bbox 1349 254 1516 260; baseline 0 0"><span class='ocrx_word' id='word_1_279' title='bbox 1349 254 1516 260; x_wconf 95' lang='lat' dir='ltr'> </span> 
     </span>
    </p>
   </div>
   <div class='ocr_carea' id='block_1_5' title="bbox 1345 266 1543 280">
    <p class='ocr_par' dir='ltr' id='par_1_38' title="bbox 1345 266 1543 280">
     <span class='ocr_line' id='line_1_40' title="bbox 1345 266 1543 280; baseline 0 2894"><span class='ocrx_word' id='word_1_280' title='bbox 1345 266 1543 280; x_wconf 95' lang='lat' dir='ltr'> </span> 
     </span>
    </p>
   </div>
   <div class='ocr_carea' id='block_1_6' title="bbox 1347 281 1543 293">
    <p class='ocr_par' dir='ltr' id='par_1_39' title="bbox 1347 281 1543 293">
     <span class='ocr_line' id='line_1_41' title="bbox 1347 281 1543 293; baseline 0 2881"><span class='ocrx_word' id='word_1_281' title='bbox 1347 281 1543 293; x_wconf 95' lang='lat' dir='ltr'> </span> 
     </span>
    </p>
   </div>
  </div>
 </body>
</html>
