1720 3184
0 2698 5 2830 i

1 2849 7 2960 's

2 2985 8 3019 J

345 135 1036 199 TRAJANNUS.
1235 153 1339 209 131

61 232 408 320 peractisque
436 232 595 292 sacris
621 229 892 316 palatium
919 230 1061 314 petit
1088 275 1105 302 ,
1150 227 1246 289 sed
1279 254 1347 290 eo
1369 248 1559 287 aaa:

67 320 227 380 vultu
245 366 261 390 ,
292 318 355 377 ea
382 316 773 376 moderatione
799 363 816 387 ,
848 336 908 374 ut
931 337 1128 375 omnes
1163 316 1347 374 civem
1372 318 1420 357 A.
1444 317 1491 353 U.
1511 314 1564 354 C.

69 400 260 487 potius
283 449 299 473 ‚
321 403 494 481 quam
523 401 846 481 Principem
870 397 1151 458 sentirent.
1173 397 1350 458 Acce-

64 485 240 545 debat
281 505 553 566 magnum
590 481 871 541 felicitatis
910 483 1144 565 publicae
1182 505 1350 542 orna-

66 590 334 630 mentum
363 567 524 627 fimul
550 590 612 625 ac
637 586 1018 627 tutamentum
1044 566 1268 626 Plotina
1292 577 1350 628 δε

64 655 363 715 Marciana
383 699 398 724 ‚
429 652 541 710 haec
562 649 715 709 soror
731 700 748 724 ,
771 649 868 709 illa
888 672 1024 708 uxor
1045 651 1317 734 Principis
1331 700 1352 726 ‚

65 736 409 798 sanstissimae
451 733 676 795 feminee
701 782 717 807 ,
765 742 823 794 &
854 782 870 806 ‚
918 757 1103 793 rarum
1144 736 1202 793 in
1242 737 1353 795 hoc

69 819 287 904 fastigio
309 867 326 892 ,
360 819 458 878 fibi
483 817 786 878 concordes
806 866 823 891 ,
854 839 1021 899 atque
1040 866 1056 890 ‚
1087 820 1146 876 in
1177 844 1351 900 quan-

68 925 192 964 tum
215 905 420 987 patitur
439 901 593 963 sexus
612 951 629 975 ,
655 903 900 986 Principi
923 902 1145 962 similes·
1181 903 1354 964 Cele-

66 987 225 1048 brata
249 1011 475 1070 quoque
499 987 756 1060 Plotinae,
778 987 1050 1070 palatium
1070 987 1350 1063 intranti3‚

64 1096 175 1133 vox
195 1120 212 1145 ,
242 1101 275 1125 cc
291 1073 468 1154 qualis
489 1072 910 1156 ingrederetur,
935 1070 1108 1131 talem
1130 1071 1183 1132 se
1205 1073 1353 1134 velle

57 1157 382 1240 ·=0egredi2>.
429 1159 628 1216 Statim
661 1179 852 1217 earum
882 1157 1074 1216 virtuti
1106 1156 1302 1216 datum
1332 1206 1351 1232 ‚

60 1261 131 1300 ur
173 1239 400 1301 offerret
445 1239 660 1301 senatus
713 1263 1034 1324 cognomen
1075 1240 1352 1324 Augusta-

69 1346 198 1385 rum
217 1373 233 1398 ,
267 1325 424 1407 quod
449 1326 656 1386 eodem
677 1327 870 1384 animo
893 1372 909 1399 ,
939 1349 1054 1407 quo
1077 1328 1354 1408 Trajanus

70 1433 140 1492 ap
183 1408 510 1470 ellationem
547 1411 714 1493 patris
750 1410 935 1493 patriae
967 1408 1309 1471 recusaverat
1331 1456 1352 1484 ‚

67 1494 127 1577 ip
153 1517 192 1552 ae
215 1495 472 1554 certatim
499 1493 626 1554 sunt
654 1494 723 1553 de
768 1515 976 1553 recatae.

156 1577 204 1636 L
219 1599 269 1635 Α·
290 1602 324 1636 T
343 1602 360 1635 1
385 1601 406 1636 s
433 1601 454 1636 s
472 1602 491 1636 1
507 1602 554 1638 M
571 1602 611 1637 A
633 1601 654 1635 s
676 1626 692 1650 ‚
723 1518 822 1636 fiib
842 1577 1043 1636 talibus
1066 1575 1350 1659 auspicii3‚

64 1659 293 1743 imperii
319 1661 436 1743 spes
465 1660 770 1721 cumulavit
800 1662 1069 1744 Principis
1101 1661 1351 1720 liberali-

65 1765 166 1805 tas,
194 1748 226 1810 J
231 1770 322 1805 am
346 1745 508 1805 miles
529 1767 742 1827 partem
769 1745 1023 1805 donativi
1042 1766 1350 1828 acceperat.

67 1829 259 1903 Plebi,
283 1837 435 1912 cujus
456 1853 657 1911 urgens
679 1851 793 1890 erat
816 1830 1099 1890 neceffitas
1116 1879 1132 1902 ,
1159 1850 1348 1889 totum

66 1913 332 1973 additum
367 1915 443 1973 est
478 1915 828 1995 congiarium
855 1962 870 1986 ‚
914 1923 971 1974 δε
1007 1912 1069 1973 e&
1107 1914 1345 1995 quidem·

70 1996 201 2055 cura
228 2044 244 2069 ‚
287 2019 408 2078 quae
449 1998 706 2055 nondum
746 1996 926 2055 fuerat
962 1996 1089 2055 visa.
1158 1998 1353 2056 Nemo

69 2081 226 2139 enim
248 2102 436 2161 expers
460 2080 568 2139 fuit
591 2080 986 2139 munificentiae
1010 2129 1026 2153 ,
1059 2079 1152 2139 seu
1178 2103 1352 2162 nego-

72 2164 164 2223 tiis
179 2212 194 2236 ‚
211 2163 303 2223 seu
323 2163 645 2225 valetudine
662 2212 678 2236 ,
693 2162 784 2224 seu
804 2166 944 2223 mari
958 2164 1355 2226 fluminibusve

69 2247 473 2309 distinebatur:
509 2248 606 2331 ipfi
640 2246 881 2308 infantes
906 2250 1131 2331 recepti.
1182 2251 1355 2332 Supra

73 2330 302 2390 solitum
323 2356 624 2393 numerum
647 2382 662 2405 ,
685 2333 872 2416 paullo
896 2334 1079 2392 minus
1102 2334 1354 2414 quinque

74 2414 256 2474 millia
278 2418 653 2501 ingenuorum
676 2420 775 2476 hac
796 2418 1064 2500 Principis
1088 2415 1351 2476 sollicitu-

67 2498 213 2558 dine
238 2501 543 2584 conquisita
569 2511 625 2562 ὃς
650 2500 870 2561 adscita.
895 2503 1096 2582 Neque
1122 2499 1184 2557 ea
1209 2499 1352 2560 libe-

76 2581 297 2648 ralitate
317 2632 335 2662 ‚
373 2608 435 2649 ut
463 2585 599 2670 saepe
627 2588 754 2649 ante
780 2586 1016 2669 contigit
1041 2632 1058 2656 ,
1094 2584 1355 2669 Princeps

1052 2668 1091 2727 f·
1133 2674 1186 2753 vj

1404 392 1518 443 852·

1408 477 1447 516 J.
1485 477 1536 517 C.

1436 559 1518 605 992
