1720 3184
378 155 520 211 ³208
612 146 1005 212 Ammoi-x
1057 159 1540 218 csHRoNoioo‘b

196 303 385 312 -ἣ
406 252 672 313 naculum
694 275 810 313 erat
837 251 1083 326 delatus,
1112 275 1174 314 ut
1198 256 1407 315 medici
1431 255 1695 320 fomentat

194 328 381 374 ¹3³¹·st
408 339 780 398 adhiberent:
821 336 903 395 ibi
949 337 1127 397 audiit
1171 339 1388 398 nullam
1436 340 1537 399 fibi
1576 342 1690 404 effe

239 405 326 458 859
332 436 346 452 ·
405 421 592 482 salutis
613 420 799 503 spem:
825 420 956 480 cum
977 422 1159 481 adhuc
1183 421 1426 483 ferveret
1448 423 1690 507 sanguis,

236 485 345 604 ἐξ·
407 516 466 568 ὃ(
508 507 650 565 vires
689 504 1046 588 suppeterent
1069 554 1084 578 ,
1131 506 1348 590 stringit
1387 507 1640 590 gladium
1665 554 1690 583 5

236 566 302 607 πο
336 591 352 609 ”
404 612 618 672 equum
654 587 911 662 scandit,
954 591 1221 673 praecipiti
1266 589 1422 650 cursu
1467 593 1687 653 hostem

400 675 544 759 petit
567 720 584 745 ,
628 672 852 755 late'que
890 675 1129 757 stragem
1163 672 1337 749 facit,
1378 674 1560 735 donec
1590 699 1689 737 ex·-

399 759 620 841 sanguis
657 807 674 832 ,
725 756 824 818 sed
874 757 1019 817 ultus
1051 806 1068 831 ‚
1119 761 1327 819 corruit
1379 761 1697 822 exanimus

399 843 532 903 Tali
570 842 786 902 virtutis
822 863 1087 924 portento
1119 841 1455 904 recrudescit
1485 844 1689 905 militis

399 927 652 988 Romani
676 927 873 986 ardor:
901 928 1152 1009 undique
1178 929 1385 989 cadunt
1408 928 1592 1006 Daci3
1622 937 1683 991 δε

400 1035 498 1096 per
527 1010 758 1071 calcatas
790 1032 988 1071 eorum
1016 1013 1214 1094 strages
1243 1014 1302 1073 in
1328 1011 1682 1096 superstitum

402 1095 686 1156 excidium
714 1096 858 1155 itum
885 1098 976 1156 est.
1027 1098 1185 1155 Tum
1217 1096 1278 1156 in
1317 1097 1540 1157 victoris
1577 1120 1687 1182 po-

396 1182 654 1242 testatem
696 1180 844 1240 ceffit
875 1179 1237 1241 indefensum
1277 1181 1570 1265 oppidum.

480 1267 669 1326 DATO
712 1286 969 1348 tempore
990 1313 1007 1338 ‚
1053 1286 1113 1324 ut
1146 1263 1310 1326 fessus
1345 1265 1508 1325 miles
1539 1265 1686 1326 vires
1718 1314 1720 1339 r

397 1348 733 1422 resumeret,
756 1354 953 1409 cunoba
974 1371 1182 1433 parata>
1203 1348 1325 1431 quis
1345 1348 1680 1433 praefidium,
1718 1346 1720 1375 ³

397 1435 656 1494 locorum
703 1433 995 1516 asperitate
1037 1443 1096 1494 δε
1144 1434 1445 1518 multiplici
1490 1435 1682 1494 muni-

397 1539 727 1579 mentorum
768 1517 909 1579 serie
950 1528 1007 1579 &
1048 1517 1298 1578 anfractu
1336 1516 1632 1579 defensum
1660 1566 1680 1592 ,

397 1624 824 1687 expugnaretur.
851 1603 1118 1663 Admotae
1142 1603 1293 1662 scalae
1319 1629 1330 1661 :
1366 1601 1681 1663 funditores

398 1687 677 1771 lapidibus
705 1736 722 1760 ‚
763 1686 1031 1771 sagittarii
1059 1688 1181 1748 telis
1208 1689 1426 1748 eminus
1461 1688 1680 1748 hostem

397 1772 804 1855 aggrediuntur
821 1821 837 1844 ,
860 1773 1000 1831 dum
1024 1773 1116 1830 alii
1141 1773 1313 1830 muris
1337 1771 1639 1831 succedunt
1659 1820 1679 1844 ,

396 1858 498 1936 qui
519 1858 775 1915 cominus
792 1855 1014 1915 feriant.
1032 1856 1249 1915 Contra
1264 1857 1409 1914 Daci
1425 1857 1680 1938 ingentes

393 1938 649 2000 saxorum
696 1940 873 2000 moles
918 1941 977 1998 in
1019 1962 1432 2023 oppugnatores
1481 1938 1681 1999 devol-

395 2046 533 2085 vunt
560 2072 576 2096 ,
621 2022 782 2084 eosve
826 2023 1037 2105 sagittis
1080 2025 1277 2107 figunt.
1331 2027 1398 2082 In
1442 2022 1680 2106 longum

394 2109 718 2169 trahebatur
744 2107 962 2168 obsidio
987 2158 1003 2182 ,
1028 2111 1087 2167 ni
1107 2106 1337 2168 veniffet
1364 2110 1637 2188 Trajanus
1659 2155 1680 2182 ,

392 2194 493 2274 qui
535 2193 658 2252 loca
696 2191 963 2273 inspexit,
1005 2217 1066 2252 ac
1105 2190 1387 2274 praesentia
1420 2191 1680 2251 consilio-

394 2300 507 2359 que
532 2276 749 2335 animos
773 2277 1024 2357 viresque
1047 2275 1277 2336 suffecit.
1304 2275 1462 2334 Nihil
1487 2297 1681 2336 tamen

393 2360 575 2443 magis
591 2360 731 2441 juvit
750 2407 767 2432 ‚
790 2361 963 2440 quam
987 2359 1100 2442 ipsa
1116 2362 1406 2433 Dacorum
1429 2359 1674 2421 audacia.

395 2446 599 2504 Muros
652 2444 841 2525 egressi
869 2493 884 2517 ‚
941 2445 1000 2503 in
1055 2446 1346 2503 Romanos
1395 2444 1678 2526 impetum

395 2527 610 2588 faciunt
637 2553 650 2586 ς
692 2549 746 2587 at
775 2526 995 2588 fortiter
1024 2529 1239 2610 excepti
1264 2576 1279 2600 ,
1321 2527 1632 2611 repulsique
1657 2575 1675 2601 ‚

393 2611 510 2674 caefi
538 2610 694 2675 fuere
718 2611 949 2698 plurimi
978 2639 990 2675 ;
1036 2614 1206 2675 ceteri
1232 2613 1292 2674 in
1319 2610 1516 2696 fugam
1548 2613 1687 2675 acti..
