1672 3174
212 143 869 189 CHRONorochM
927 122 983 182 N
1005 142 1169 182 OTAE.
1254 146 1369 200 401

166 228 349 279 Similis
371 226 600 278 amentiae.
636 226 762 273 Bene
779 221 1090 271 Tertullianus
1113 224 1163 269 in
1185 221 1375 289 Apolo-

1400 243 1475 252 q

101 298 237 362 genc-
271 313 373 359 cap.
404 313 446 369 ¹⁰.
481 293 593 343 Non
620 305 746 354 potes
777 288 1045 340 dementiam
1077 287 1226 338 dicere
1246 328 1262 353 ,
1299 291 1372 357 qui
1393 293 1443 335 A.
1469 298 1518 336 U.
1538 297 1590 338 C.

102 361 353 412 revinceris
375 397 390 417 ,
413 375 657 434 Jgnorare.

1439 363 1550 415 857.

163 425 301 476 Nihil
324 442 422 491 cogz
443 423 573 490 poffe.
611 421 1038 488 Locupletissi-mum
1064 421 1372 473 testimonium
1437 437 1474 477 J.
1504 439 1552 478 C,

98 510 230 541 veros
270 491 553 541 Christianos
575 507 740 554 puram
767 488 1080 556 sinceramque
1108 487 1245 538 fidem
1280 489 1373 538 fine

100 560 192 607 ulla
223 557 602 618 diffimulatione,
637 555 728 604 fine
762 556 855 604 ulla
889 552 1257 622 tergiversatione
1284 556 1374 607 effe

99 623 339 691 professos.

166 690 205 742 S
208 706 302 741 tato
320 689 407 740 die.
422 690 563 739 Diem
574 688 702 738 illam
719 706 844 738 nunc
860 688 1051 739 dicimus
1067 689 1378 753 dominicam3

101 758 157 806 de
207 759 263 806 ua
279 759 326 808 S.
340 757 522 818 Paulus,
538 756 649 806 Aet.
667 755 884 820 Apostol.
898 755 998 803 XX
1012 793 1026 818 ,
1041 774 1087 814 7.
1105 755 1210 805 Unci
1224 772 1375 805 autem

83 776 271 889 fingam·
300 824 398 873 cum
423 822 767 889 conveniffemus
785 821 846 871 ad
861 821 1179 889 frangendum
1188 838 1376 883 panem.

167 888 335 956 Christo
365 888 486 956 quqfi
519 888 614 938 deo.
649 887 906 956 Egregium
932 889 1177 940 divinitatis
1202 888 1372 938 Christi

100 972 471 1005 monumentum.

165 1021 277 1071 Non
300 1022 346 1070 irz
354 1021 505 1086 scelus
524 1020 718 1086 aliquod.
736 1020 927 1085 Quanta
944 1059 956 1080 ‚
976 1019 1115 1087 quslm
1135 1018 1373 1086 splendida

98 1087 369 1138 Christianae
408 1089 644 1154 religionis
680 1089 804 1135 laus!
845 1086 1000 1136 Tanto
1027 1087 1240 1134 illustrior
1267 1088 1328 1134 est
1353 1123 1373 1147 ‚

98 1153 226 1221 quod
257 1153 557 1219 proficiscitur
597 1154 653 1202 ab
686 1153 979 1214 hominibus,
1018 1155 1099 1220 qui
1138 1152 1372 1203 Christum

99 1219 285 1287 ejusque
311 1222 588 1287 religionem
608 1222 908 1282 ejuraverant.

163 1286 240 1336 Ad
258 1285 525 1350 capiendum
543 1285 702 1335 cibum.
724 1286 856 1335 Cena
877 1285 956 1334 illa
976 1286 1038 1334 est
1057 1324 1069 1346 ‚
1090 1302 1190 1352 quae
1211 1283 1374 1334 Chris-

101 1355 233 1401 tianis
264 1355 494 1401 dicebatur
512 1352 709 1412 Ἀγάπη.
734 1352 847 1399 Inde
876 1353 939 1400 D.
964 1352 1129 1400 Paulus
1153 1353 1174 1400 I
1196 1352 1285 1416 Ep.
1313 1350 1373 1398 ad

100 1418 369 1468 Corinthios
394 1418 498 1481 XI,
533 1438 586 1467 21
611 1458 623 1479 ‚
661 1436 739 1467 eos
774 1420 959 1484 arguit,
1008 1417 1136 1484 quod
1173 1415 1372 1484 promis:-

101 1502 237 1535 cuum
271 1486 422 1535 cibum
455 1505 551 1534 non
579 1483 824 1535 sumerent.

166 1553 340 1604 Facere
375 1552 536 1620 defiffe.
573 1552 766 1602 Summa
793 1550 889 1600 haec
915 1552 975 1600 est
1003 1549 1371 1599 Christianorum

99 1622 172 1669 lex
197 1620 483 1685 Principibus
509 1637 762 1687 eorumque
783 1618 1115 1686 magistratibus
1147 1615 1335 1683 obsequi
1356 1654 1370 1677 ,

100 1687 211 1735 dum
247 1687 367 1736 salva
404 1686 680 1735 conscientia
712 1686 831 1735 licet.
888 1684 1001 1732 Inde
1041 1683 1206 1732 Paulus
1241 1682 1328 1732 Sin
1352 1720 1369 1744 ,

98 1755 217 1801 inter
262 1755 446 1817 imperii
493 1753 693 1802 Sinenfis
735 1769 948 1817 proceres
993 1747 1371 1815 administrosque

97 1818 440 1884 sapientiffimus
459 1857 470 1877 ,
498 1825 541 1866 δε
564 1818 847 1867 Christianus
867 1857 879 1879 ‚
905 1834 1063 1867 coram
1085 1820 1372 1881 Imperatore

100 1885 402 1932 obtestabatur
446 1883 488 1931 se
540 1900 678 1948 caput
719 1884 847 1933 suum
879 1923 892 1944 ‚
941 1882 1064 1943 suam
1107 1882 1351 1938 fortunam,

99 1948 224 1998 suam
264 1949 454 1997 domum
477 1950 595 1996 ultro
626 1950 876 2007 devovere,
909 1948 940 1994 fi
980 1948 1232 2014 quidquam
1268 1946 1374 1995 esset

99 2018 149 2064 in
171 2015 536 2064 Christianorum
557 2014 764 2062 doctrin&
790 2016 1069 2062 contrarium
1099 2029 1174 2062 aut
1197 2013 1373 2079 legibus

99 2084 285 2146 imperii
311 2121 322 2142 ‚
367 2097 442 2129 aut
485 2079 752 2144 Principum
799 2082 1072 2129 auetoritati.
1132 2079 1335 2144 Conplet
1359 2117 1373 2139 ,

100 2147 227 2201 Vida
261 2146 314 2196 de
347 2145 561 2197 Candida
599 2145 693 2194 Hiu
716 2185 728 2203 ‚
765 2164 874 2210 pag.
901 2162 944 2202 5.

167 2212 396 2276 Ministrae
427 2212 708 2259 dicebantur.
733 2208 968 2276 Frequens
994 2211 1152 2273 postea
1177 2213 1225 2256 in
1249 2227 1374 2258 vete-

102 2279 222 2327 ribus
237 2277 445 2326 Ecclefiae
467 2277 773 2323 monumentis
788 2275 1153 2324 Diaconiffarum
1169 2294 1341 2323 nomen
1357 2295 1373 2337 3

101 2345 158 2392 de
177 2344 337 2410 quibus
354 2383 366 2404 ,
391 2344 423 2390 fi
442 2343 636 2390 volueris
657 2380 669 2401 ‚
693 2343 824 2406 plura
842 2342 944 2390 vide
963 2341 1089 2407 apud
1111 2340 1370 2390 Henricum

101 2410 267 2463 Valois
299 2410 356 2458 ad
384 2410 701 2458 Sozomenum
727 2408 828 2455 libr.
848 2407 989 2469 VIII,
1019 2425 1120 2472 cap.
1144 2427 1190 2463 9.

167 2474 365 2524 Pravam
407 2474 456 2525 ff
500 2472 795 2523 immodicam.
855 2474 985 2523 Piam
1031 2480 1075 2521 &
1115 2473 1364 2538 simplicem

100 2541 467 2590 Christianorum
494 2543 769 2609 religionem
795 2540 967 2591 Plinius
1005 2538 1368 2608 superstitionem

103 2609 436 2676 interpretatur.

1452 517 1590 564 104·i
