1672 3174
214 127 888 204 CHRONOLOGICAM
936 134 1181 198 NOTAE.
1269 161 1389 216 419

112 257 327 304 mentem,
352 260 435 293 nec
460 241 603 293 relatu
623 238 842 309 effabiles,
860 253 942 287 nec
959 235 1113 303 ruistis
1129 235 1396 287 mortalibus
1414 262 1608 288 za

107 309 401 372 appetendos.
461 308 568 358 Nec
605 307 799 357 visendae
838 321 972 354 tantae
1011 307 1118 354 attis
1160 304 1254 352 ulla
1294 321 1390 355 erat
1415 318 1465 360 A.
1489 318 1613 363 [λε.-

107 372 300 425 satietas.
319 375 471 423 Immo
489 376 595 423 teste
616 373 890 423 Cassiodoro
906 410 919 433 ‚
937 369 1200 432 Varianam,
1217 369 1328 432 VII,
1344 380 1388 421 6.
1458 388 1571 433 851,

109 442 308 507 Trajani
317 440 472 505 foram
488 440 652 505 νεὶ-[αὗ
674 438 929 506 affidaitace
947 437 1101 488 videre
1120 436 1391 488 miraculum
1449 461 1487 501 J,
1520 460 1575 501 ς,

109 507 189 574 est.
236 509 417 557 Partem
449 508 582 568 hujus
616 505 704 555 fori
738 505 891 554 videre
922 507 984 554 est
1016 507 1066 554 in
1101 507 1301 553 nummis
1337 524 1393 554 ex
1473 530 1580 587 108,

108 593 199 625 εει-ε
227 592 403 642 magno
442 580 485 622 &
516 592 629 623 auro
659 570 883 637 inscriptis
922 587 1114 621 FORVM
1148 588 1396 622 TRAIANI.
1550 582 1555 585 '

107 640 170 691 Et
207 660 333 690 anno
378 659 501 698 1700
535 643 585 689 in
625 639 846 689 Coenobii
878 637 1160 687 Monialium
1197 638 1396 705 Spirittis

110 709 270 758 Sanffl
289 707 596 756 fundamentis
610 708 744 773 plura
763 720 942 771 reperta
957 703 1057 753 sunt
1072 706 1396 759 columnarum

115 774 380 843 fragmenta
402 792 455 822 ex
478 773 719 823 Thebaico
744 771 898 838 lapide
923 771 1127 820 candidis
1153 775 1288 839 guttis
1315 776 1397 822 in·-

112 844 448 910 tertinsto‚quae
469 838 572 889 sane
587 842 754 890 fuerint
767 838 983 901 Trajanae
996 840 1200 906 porticus
1215 840 1397 890 decora.

107 908 288 958 Ibidem
316 912 513 957 inventae
539 906 716 957 teffellae
743 906 982 973 permultae
1008 922 1145 972 atque
1166 908 1318 956 ctustae
1336 925 1393 957 ex

109 993 342 1024 marmore
360 974 615 1024 Numidico
633 1015 647 1038 ‚
671 972 813 1041 vulgi>
840 971 995 1021 Giallo
1020 973 1201 1032 antica,
1229 975 1395 1041 quibus

108 1042 314 1107 porticiis
335 1045 651 1108 pavimentum
675 1043 862 1090 stratum
885 1037 1014 1088 fuisse
1037 1038 1246 1088 creditur.
1270 1040 1395 1091 Vide

109 1109 341 1158 eruditum
366 1108 573 1158 Galeotti
595 1147 609 1170 ‚
645 1105 885 1171 Franciscz'
917 1105 1147 1156 Ficoronii
1187 1105 1397 1159 Gemma:

108 1176 314 1239 antiquae
347 1175 564 1225 litteratae
589 1215 604 1237 ‚
638 1193 748 1242 pag.
780 1192 888 1230 109.

175 1241 343 1292 AEneis
363 1241 659 1307 laquearibus.
703 1239 945 1290 Pausanias
965 1240 1013 1289 in
1034 1238 1201 1289 EliacIs
1221 1240 1284 1302 V,
1320 1258 1395 1291 12.

175 1308 378 1375 Instgnis
403 1308 624 1370 porticus.
664 1308 783 1357 Haec
804 1309 967 1356 omnia
992 1307 1096 1356 vide
1118 1309 1167 1356 in
1193 1312 1399 1363 nummis

115 1373 346 1441 inscriptis
369 1413 383 1436 ,
415 1390 605 1425 FORVM
627 1391 872 1424 TRAIANI.

177 1442 381 1506 Basilica
417 1457 514 1491 erac
551 1440 707 1504 Ulpia.
765 1440 964 1490 Bafilicae
998 1439 1159 1506 Ulpiae
1194 1441 1397 1491 frontem

117 1509 350 1558 columnis
374 1547 386 1569 ‚
424 1510 576 1557 statuis
602 1547 614 1569 ‚
657 1509 874 1576 equisque
910 1506 1139 1574 insignem
1180 1508 1397 1559 exhibent

109 1579 293 1624 nummi
320 1593 430 1623 auro
453 1581 497 1623 ὃ(
517 1594 602 1625 aere
629 1592 806 1642 magno
832 1573 922 1623 cufi
950 1580 994 1621 ὃς
1023 1573 1226 1640 inscripti
1251 1592 1396 1626 BASI-

110 1660 233 1692 11cA
258 1658 414 1693 VLPIA
444 1659 573 1700 SPQR
603 1658 808 1691 OPTIMO
844 1656 1097 1690 PRINCIPI.
1135 1641 1254 1692 Eam
1275 1660 1398 1709 quo-

107 1728 201 1776 que
233 1726 459 1758 memorat
488 1708 539 1756 P.
569 1709 766 1769 Victor,
797 1706 851 1757 cle
893 1706 1172 1773 Regionibus
1216 1709 1359 1759 Urbis
1379 1748 1399 1771 ,

108 1775 230 1843 Reg.
253 1776 386 1827 VIII.
427 1775 624 1842 Basilica
657 1773 859 1838 Trajani
888 1774 938 1823 in
958 1773 1064 1837 foro
1091 1774 1300 1842 ejusdem.

179 1842 492 1893 Bibliothecae.
531 1842 628 1890 Dio
650 1840 894 1900 LXVIII,
926 1846 1165 1908 pag.778.
1206 1841 1329 1894 Vide
1354 1849 1400 1892 &

109 1909 290 1958 'Aulum
313 1907 521 1956 Gellium
545 1907 644 1966 XI,
674 1926 729 1965 17
747 1945 760 1968 ,
787 1910 867 1972 qui
888 1907 1214 1957 bibliothecam
1238 1913 1402 1975 templi

115 1974 313 2039 Trajani
349 1989 609 2034 memorat,
649 1975 696 2019 in
735 1975 825 2039 qua
858 1988 986 2020 erant
1018 1972 1168 2022 edieia
1203 1991 1402 2026 veterum

115 2059 384 2110 praetorum.
458 2039 624 2087 Libros
705 2056 860 2106 uoque
903 2040 1070 2087 linteos
1115 2039 1404 2093 bibliothecae

117 2109 280 2175 Ulpiae
318 2123 654 2156 commemorat
672 2057 904 2171 Zlopiscus
936 2109 985 2156 in
1012 2106 1268 2156 Aureliano
1301 2125 1406 2177 cap.

121 2193 143 2226 1
184 2184 228 2224 δε
262 2181 304 2225 8.
348 2175 502 2222 Immo
524 2180 569 2222 &
592 2175 731 2222 libros
752 2171 1074 2238 elephantinos
1096 2212 1108 2232 ,
1140 2173 1187 2222 id
1212 2175 1273 2222 est
1292 2177 1408 2227 ebo-

118 2260 223 2292 reos
249 2283 262 2306 ,
309 2239 510 2306 ejusdem
556 2239 843 2289 bibliothecae
886 2239 1040 2288 laudat
1083 2238 1313 2306 Vopiscus
1351 2247 1403 2293 in

116 2309 288 2360 Tacito
308 2327 409 2375 cap.
431 2313 474 2356 8.
498 2306 649 2357 Habet
668 2305 933 2356 bibliotheca
955 2305 1096 2367 Ulpia
1120 2306 1168 2356 in
1186 2306 1404 2360 Armario

106 2377 249 2442 sexto
271 2376 433 2426 librum
454 2373 788 2436 elephantinum
814 2413 828 2433 ‚
867 2375 915 2422 in
942 2390 1024 2437 qao
1050 2371 1132 2422 hoc
1150 2372 1204 2422 S.
1225 2371 1281 2423 C.
1301 2393 1406 2436 per-

106 2443 335 2510 scriptum
355 2440 441 2508 est:
465 2441 745 2491 caiTacisas
765 2439 854 2503 ipse
877 2438 1404 2509 manuficasabscripfit.

121 2509 250 2560 Nam
275 2508 353 2559 dia
373 2509 468 2557 haec
487 2507 540 2557 S.
559 2507 613 2558 C.
637 2525 734 2572 quae
760 2505 818 2554 ad
834 2503 1076 2568 Principes
1090 2506 1409 2577 pertinebant²

121 2575 172 2628 in
203 2574 332 2628 libris
366 2573 670 2642 elephantinis
684 2571 1027 2642 scribebantur.
1113 2637 1144 2690 S
1215 2638 1224 2648 ·

1178 2657 1223 2705 V)
