1672 3174
190 172 263 209 Dr
282 143 1054 209 PR1NC1PIBUSVESPA31ANO
1070 189 1088 216 ,
1106 136 1212 204 &a
1257 161 1379 217 497

108 244 211 310 pari
238 245 408 311 poffunt
434 283 449 306 ‚
497 259 592 293 zcut
624 243 673 292 z'n
697 240 953 292 Laocoonte
976 281 992 306 ‚
1023 241 1096 306 qui
1120 243 1179 308 est
1213 241 1260 291 in
1282 240 1384 292 Titi

109 310 402 373 Imperatoris
431 309 590 370 domo,
630 326 740 372 opus
771 307 973 358 omnibus
1017 307 1067 358 Cr
1102 308 1287 371 pieturae
1329 306 1382 358 ὓ·

95 375 336 443 statuariae
363 375 480 424 artis
502 373 864 438 praeponendum.
900 372 977 424 Ex·
1003 391 1089 423 uno
1115 373 1261 436 lapide
1285 391 1386 422 eum

111 441 344 492 &liberos
365 439 690 505 draconumque
714 439 946 490 mirabiles
964 457 1110 490 nexus
1134 440 1188 489 de
1214 438 1388 505 co-nfilii

98 508 337 575 sententio
365 505 523 570 fecere
548 505 713 570 summi
753 505 951 571 artifices
977 546 992 569 ‚
1033 504 1297 572 Agefiznder
1334 504 1386 554 ὓ*

111 573 361 641 Polydorus
383 573 432 622 ff
453 569 771 623 Athenodorus
797 571 977 622 Rhodii.
997 571 1252 639 Egregium
1268 571 1386 620 illud

111 644 216 689 artis
242 656 357 706 opus
375 678 388 701 ,
418 637 546 707 quod
573 655 713 686 nemo
739 637 831 685 fine
856 640 1057 686 maxima
1081 640 1386 686 admiratione

110 706 386 771 inspexerit,
416 722 539 753 nunc
560 704 710 751 videre
735 706 797 752 est
825 707 873 751 in
894 703 1144 753 Pontificiis
1167 705 1387 756 Vaticani

97 775 270 839 «palatii
304 773 458 822 hortis.
492 770 538 818 A
570 768 724 817 Felice
759 769 813 818 de
842 768 1005 819 Fredis
1034 774 1273 820 inventum
1303 770 1388 818 fuit

112 839 191 887 sub
221 839 250 892 J
256 840 347 887 ulio
371 839 416 886 Π
435 877 449 898 ,
485 836 708 885 Pontifice
732 838 936 885 maximo
958 838 1010 884 in
1031 837 1247 885 Thermis
1271 837 1391 886 Titi.

112 904 164 953 N
170 923 256 953 unc
286 904 474 971 quidem
499 902 712 970 diligenti
743 903 1138 968 contemplatione
1172 903 1390 952 observa-

113 988 210 1020 tum
237 972 299 1019 est
320 971 429 1019 illud
454 988 549 1017 non
570 987 625 1017 ex
646 988 740 1017 uno
768 970 921 1034 lapide
939 1008 951 1029 ‚
980 969 1026 1017 id
1048 972 1110 1018 est
1129 986 1359 1018 marmore
1375 1004 1391 1025 ,

112 1036 239 1085 fuisse
264 1037 525 1085 coiifec'cum
546 1074 557 1095 ‚
584 1035 659 1083 sed
681 1036 782 1101 plus
809 1039 958 1084 minus
982 1053 1178 1103 quatuor
1199 1055 1389 1102 compa-

114 1104 296 1170 ginibus
333 1102 420 1151 effe
458 1102 821 1151 ferruminatum.
865 1102 1010 1165 Quod
1035 1136 1047 1158 ‚
1090 1102 1195 1151 crim
1231 1120 1390 1151 recens

112 1170 264 1218 adhuc
285 1168 402 1218 foret
421 1208 433 1229 ,
462 1169 518 1217 ab
540 1168 781 1216 artificibuS
797 1171 1015 1217 occultari
1034 1169 1391 1235 diffimularique

114 1238 298 1302 potui-t,
335 1252 457 1283 nunc
489 1236 591 1300 post
627 1251 694 1284 tot
724 1234 885 1283 saecula
907 1275 919 1296 ,
961 1237 1242 1303 aggestaque
1275 1237 1389 1284 olim

113 1302 276 1350 rudera
294 1340 306 1362 ‚
337 1299 576 1368 ipsamque
611 1301 798 1349 demum
825 1305 1221 1368 exportationem,
1252 1303 1390 1352 anxia

114 1367 291 1417 tannim
324 1367 430 1415 cura
464 1367 834 1432 deprehenditur.

182 1433 424 1482 Hactenus
463 1433 816 1497 magnificentiae
853 1432 1173 1483 consuluerant
1214 1433 1392 1499 egregii

113 1499 353 1565 Principes
376 1497 680 1565 Vespasianus
703 1506 748 1547 &
769 1499 918 1547 Titus.
950 1498 1215 1549 Portentosa
1234 1499 1393 1547 libidi-

112 1585 228 1614 num
251 1566 471 1614 miracula
493 1600 506 1621 ,
539 1584 638 1633 quae
657 1565 733 1614 sub
754 1565 872 1614 Caio
895 1566 1112 1633 Caligula
1132 1573 1176 1613 ὃς
1198 1565 1394 1614 Nerone

115 1632 318 1680 Romam
348 1648 640 1681 attonuerant
662 1671 674 1693 ‚
714 1633 947 1680 aemulatus
983 1636 1045 1681 est
1076 1634 1391 1681 Domitianus.

113 1697 317 1764 Visaque
332 1699 430 1748 sunt
448 1702 496 1746 in
517 1698 723 1747 Caesarea
741 1699 883 1746 domo
905 1698 1105 1748 Adonea
1124 1738 1137 1760 ,
1171 1697 1244 1745 seu
1271 1698 1394 1746 horti

149 1764 306 1813 enfiles
340 1805 353 1826 ‚
397 1765 560 1831 quibus
611 1767 781 1813 victam
831 1763 1063 1831 Assyriam
1112 1764 1392 1832 gloriabatur

109 1782 332 1894 Frinceps
355 1869 368 1892 ‚
406 1830 744 1879 incredibilium
782 1834 978 1896 cupitor.
1034 1832 1110 1879 De
1145 1832 1213 1878 his
1247 1830 1393 1879 hortis

110 1895 217 1943 -vide
267 1896 346 1944 Cl.
388 1896 633 1943 Bianchini
665 1933 677 1954 ‚
733 1895 804 1942 del
848 1895 1045 1960 Ραῖαῖζο
1093 1895 1147 1945 de
1193 1894 1351 1959 Ceffari
1375 1936 1394 1959 ‚

111 1959 234 2009 Tab.
250 1959 384 2010 VIII.
416 1960 580 2008 Praeter
600 1961 704 2008 illos
723 1959 880 2007 hortos
903 1960 1056 2008 videre
1075 1976 1170 2008 erat
1188 1962 1276 2009 alia
1296 1964 1395 2010 -im-

117 2026 284 2075 mensae
310 2025 612 2092 prodigentiae
636 2043 780 2091 opera
798 2044 823 2074 a
844 2026 1120 2076 Domitiano
1141 2028 1363 2075 exstructa
1377 2066 1392 2089 ‚

117 2095 348 2159 porticu-m
385 2109 490 2140 ante
537 2091 793 2142 Caesaream
837 2093 1027 2141 domum
1057 2132 1069 2153 ‚
1117 2093 1345 2142 basilicam
1378 2132 1392 2154 ‚

113 2160 328 2208 balneum
350 2198 361 2218 ‚
383 2160 602 2223 pellicum
618 2159 824 2220 diaetam3
856 2162 904 2207 in
926 2178 1025 2226 quae
1045 2160 1221 2225 singula
1241 2199 1253 2220 ‚
1287 2161 1393 2208 teste

111 2225 359 2276 Plutarcho
383 2229 432 2273 in
456 2225 698 2290 Poplicola
717 2264 728 2285 ‚
759 2243 869 2292 pag.
898 2244 981 2284 105
1006 2265 1019 2288 ,
1056 2226 1246 2276 cadebat
1274 2225 1390 2276 illud

114 2291 385 2358 Epicharmi
418 2292 476 2339 ad
506 2294 738 2358 gurgitem
771 2292 960 2341 diCtum.

173 2391 269 2432 Non
289 2390 474 2446 benignus
493 2405 532 2434 es
552 2422 562 2439 ,
594 2392 710 2434 habes
731 2393 906 2436 morbum
930 2424 941 2441 ,
970 2393 1087 2448 gestis
1105 2402 1147 2432 tu
1167 2390 1363 2445 largiens-

117 2488 246 2537 Nam
271 2489 320 2534 in
348 2487 414 2535 his
441 2506 535 2536 non
560 2484 602 2534 se
626 2479 888 2553 religiosum
913 2526 926 2544 ,
967 2508 1053 2538 nec
1091 2491 1391 2557 magnificum

115 2553 343 2621 probabat
364 2554 687 2614 Domitianus3
709 2554 781 2601 sed
801 2556 963 2603 morbo
986 2558 1247 2620 tenebatur,
1274 2577 1394 2625 gau-

110 2621 343 2690 deba'tque
370 2619 477 2670 crim
497 2624 549 2671 iu
570 2620 757 2669 :edificia
778 2625 936 2671 onmia
955 2623 1285 2690 profunderet:
1318 2632 1363 2676 ὃ(
1375 2661 1395 2687 ‚
