1720 3184
339 165 420 231 '70
522 153 914 216 APPENDIX
959 154 1459 218 CnnoNoroG;

342 254 502 337 longi
533 255 628 315 aevi
653 254 772 337 spes
801 255 864 314 sit
892 254 1110 336 semper
1134 256 1352 316 intenta
1372 303 1390 331 ,
1423 265 1481 317 δε
1502 276 1637 324 aetas

121 333 177 376 Α·
199 337 246 375 U.
267 336 314 376 C.
338 339 612 422 Principis
644 341 716 397 ad
744 338 962 398 senium
991 361 1265 421 vergeret·

164 414 274 456 826.

158 494 198 534 J.
230 495 282 535 C.

178 579 254 627 73·

377 426 643 482 PLAcmT
668 424 729 481 in
743 423 946 484 eadem
966 422 1191 483 censura
1212 424 1484 506 explorari
1500 447 1625 484 ma-

333 507 696 589 gnitudinem
722 508 895 567 Urbis
917 555 934 581 ,
966 530 1139 590 quam
1163 531 1228 568 ex
1253 509 1480 568 tantulis
1507 509 1620 569 ini-

334 592 424 650 tiis
439 591 610 651 virtus
624 593 885 652 Romana
898 593 959 650 in
970 590 1315 652 immensum
1331 593 1620 654 extulerat,

335 677 720 759 Compertum
735 676 947 735 moenia
968 684 1083 757 ejus
1101 675 1383 758 collegisse
1401 677 1621 738 ambitu

330 759 467 844 pass,
491 784 604 819 xm
628 783 676 819 M
703 784 789 820 ce.
810 760 1074 843 Ejusdem
1099 760 1337 842 spatium
1363 759 1621 821 mensura

329 866 588 905 currente
609 871 640 906 a
654 844 920 904 milliario
937 847 996 905 in
1017 846 1195 929 capite
1233 846 1483 905 Romani
1507 843 1618 906 fori

329 929 532 989 statuto
556 929 627 989 ad
657 928 891 1011 singulas
914 951 1098 1014 portas
1122 953 1362 990 numero
1388 930 1618 1012 triginta

330 1011 548 1096 septem
596 1012 836 1074 effeciffe
890 1011 1144 1097 passuum
1191 1036 1289 1096 per
1335 1014 1616 1073 directum

334 1121 463 1157 xxx
492 1121 540 1156 Μ
568 1121 824 1161 Dccrxv.
871 1099 966 1158 Ad
996 1119 1246 1158 extrema
1278 1101 1411 1158 vero
1442 1103 1619 1158 teoto-

331 1205 460 1243 rum
500 1204 631 1242 cum
661 1182 840 1242 castris
867 1183 1132 1266 praetoriis
1156 1181 1226 1241 ab
1254 1183 1460 1243 eodem
1488 1182 1617 1242 mil-

328 1267 490 1326 liario
511 1315 528 1340 ‚
566 1289 663 1349 per
685 1266 834 1326 vicos
865 1267 1126 1325 omnium
1160 1266 1376 1325 viarum
1410 1289 1616 1326 nume-

332 1372 452 1409 rata
514 1349 673 1410 fuiffe
730 1350 917 1434 paullo
977 1349 1215 1432 amplius
1267 1349 1618 1433 septuaginta

329 1434 514 1495 millia
543 1432 814 1516 paffuum.
865 1438 999 1510 Quo
1025 1435 1063 1492 fi
1088 1435 1211 1516 quis
1250 1434 1613 1495 altitudinem

330 1523 612 1579 testorum
656 1518 827 1578 addat
851 1567 866 1591 ‚
904 1519 1139 1601 dignam
1178 1516 1431 1602 profesto
1476 1520 1612 1578 aesti-

329 1603 647 1664 mationem
670 1603 949 1685 concipiat
968 1650 983 1676 ,
1028 1602 1380 1684 fateaturque
1405 1603 1610 1663 nullius

329 1688 481 1747 urbis
505 1687 961 1768 magnitudinem
986 1687 1045 1744 in
1067 1708 1188 1746 toto
1213 1687 1351 1746 orbe
1375 1685 1612 1767 potuisse

327 1773 383 1833 ei
410 1771 738 1854 comparati.
768 1772 855 1830 Ne
880 1769 1299 1853 magnificentia
1324 1770 1423 1830 ulli
1449 1771 1613 1831 cede-

326 1877 447 1929 ret,
482 1856 722 1915 advecta?
746 1855 997 1936 undique
1021 1877 1153 1938 opes
1179 1876 1406 1927 exterae,
1435 1878 1613 1915 nova-

325 1964 440 2024 que
470 1940 531 1999 in
560 1939 678 1999 dies
701 1939 1102 1999 attollebantur
1126 1960 1516 1999 monumenta.

388 2028 538 2084 HAEo
562 2023 803 2108 augebat
824 2021 1211 2107 Vespasianus,
1226 2022 1468 2096 refestiS,
1486 2046 1607 2106 quae

328 2106 582 2169 labarent
605 2157 622 2182 ,
675 2109 846 2169 tacito
898 2108 1134 2190 quidem
1179 2107 1278 2167 suo
1328 2108 1564 2168 nomine
1587 2155 1607 2180 ‚

326 2192 426 2253 sed
448 2190 658 2253 servata
675 2214 931 2253 veterum
947 2192 1372 2276 inscriptionum
1395 2191 1570 2275 gloria
1587 2240 1607 2267 ,

323 2278 457 2337 cum
486 2274 598 2360 ipse
622 2276 827 2336 additis
857 2278 1013 2336 novis
1043 2274 1604 2360 splendidiffimisque

326 2360 588 2443 operibus
603 2359 727 2420 satis
741 2359 1139 2420 inclaresceret.
1154 2360 1343 2441 Atque
1357 2381 1419 2419 ut
1430 2360 1605 2420 Urbis

326 2445 610 2529 splendori
636 2468 701 2504 ex
728 2446 938 2505 civium
964 2445 1214 2503 moribus
1241 2468 1300 2502 ac
1327 2443 1603 2527 dignitate

327 2529 620 2590 accederet
645 2529 813 2590 decus
835 2578 851 2602 ‚
877 2529 1131 2590 senatum
1155 2538 1211 2589 ὃς
1234 2530 1485 2609 equitem
1513 2551 1603 2587 re-

325 2613 573 2674 censuit:
603 2611 876 2675 summoti
901 2613 1307 2698 indignissirnus
1331 2610 1598 2695 quisque5
