1672 3174
240 151 778 200 ‘ms-romAnuM
824 138 1065 198 NOTAE.
1184 163 1298 216 329

27 238 77 290 in
100 238 260 287 melius
291 254 540 287 mutatum:
560 241 612 287 iis
631 241 768 287 etiam
789 256 843 287 ex
861 239 1088 287 manubiis
1110 255 1299 301 aurum,

4 310 272 371 “argentum
291 343 303 364 ,
341 305 478 353 vestes
502 343 515 365 ‚
542 306 859 372 reliquamque
892 305 1094 370 praedam
1112 306 1296 371 largiter

29 368 315 420 distribuisse:
340 386 435 418 tum
456 369 597 418 fausta
616 373 774 418 omnia
798 374 1010 419 exercitui
1030 388 1265 436 precatum
1283 411 1296 432 ,

23 453 116 504 pro
148 435 338 482 vicioria
371 434 633 483 sacrificasse
660 455 669 482 :
711 455 932 503 magnam
965 439 1107 485 boum
1137 438 1298 485 multi-

29 503 234 554 tudinem
266 500 323 549 ad
355 519 452 549 aras
487 503 731 550 mastatam
752 540 764 561 ,
804 521 943 568 quam
975 503 1138 551 deinde
1161 521 1296 552 exer-

29 570 134 619 citui
157 568 213 615 ad
238 568 393 632 epulas
419 567 593 616 divisit:
629 586 732 615 eum
760 568 944 616 demum
972 587 1077 617 cum
1096 572 1295 620 exercitu

25 639 75 697 in
113 635 332 682 conviviis
362 651 446 698 per
475 634 670 682 triduum
707 631 793 681 effe
830 633 1065 683 versatum.

93 699 365 749 Melitenen.
389 698 577 765 Joseph.
600 700 711 748 Bell.
730 699 837 752 Jud.
858 701 978 762 VII,
1017 720 1035 748 1
1056 740 1069 761 ,
1100 721 1226 751 num.
1250 717 1296 767 3.

11 766 103 819 .'Ad
115 764 380 830 Euphraten
396 768 444 813 in
459 765 663 815 confinio
678 766 909 816 Armeniae
924 773 966 814 δέ
979 767 1292 834 Cappadociae

13 834 103 883 ¹>fita
121 834 183 881 est
204 832 424 880 Melitene
444 872 454 891 ‚
487 832 625 881 hodie
654 831 880 882 Malatia.

87 897 356 960 Coefizream.
423 897 630 947 Primum
676 898 928 948 Caesaream
982 903 1256 949 maritimam
1279 915 1297 963 ‚'

14 963 100 1014 'seu
131 962 385 1013 Caesaream
410 964 654 1014 Palaestinae
675 1004 688 1025 ,
727 984 851 1014 nunc
876 965 1064 1028 Ce'fare‘e
1081 1005 1097 1026 ,
1127 969 1294 1017 deinde

8 1029 278 1080 *Caesaream
309 1030 543 1096 Philippi,
578 1031 747 1080 &Ciam
773 1031 876 1081 ante
898 1032 1101 1096 Panem-n
1123 1073 1135 1095 ,
1165 1052 1290 1083 nunc

13 1097 199 1148 lBanias
220 1137 233 1156 ‚
271 1096 394 1144 adiit.
424 1097 610 1164 Joseph.
641 1098 755 1146 Bell.
788 1098 895 1151 Jud.
917 1097 1011 1148 VH
1031 1138 1042 1159 ‚
1074 1120 1116 1147 z.

86 1161 297 1212 Lucilius
327 1162 502 1227 Baffus.
554 1164 745 1229 Joseph.
779 1165 895 1213 Bell.
917 1161 1154 1225 „IudjVII
1177 1204 1190 1227 ‚
1228 1173 1256 1215 6
1279 1205 1292 1228 ,

6 1247 146 1293 (num.
186 1248 224 1276 1.
272 1229 314 1276 Is
338 1227 490 1293 primo
524 1227 787 1279 Herodium
811 1270 824 1291 ,
863 1230 1015 1278 Plinio
1056 1231 1105 1282 V
1128 1271 1140 1293 ,
1186 1251 1240 1291 ¹4
1274 1271 1304 1294 ‚.

6 1293 223 1358 «oppidum
247 1293 411 1359 illustre
430 1335 442 1356 ‚
469 1296 592 1344 haud
614 1299 778 1362 procul
804 1297 859 1346 ab
882 1297 988 1346 urbe
1008 1297 1258 1351 Jerusalem
1273 1337 1288 1361 ,

8 1361 184 1410 adeinde
216 1361 576 1410 Machaeruntem
607 1366 740 1427 cepit.

78 1426 412 1477 Machoerunte.
449 1428 704 1476 Machaerus
731 1468 742 1489 ,
778 1445 900 1476 nunc
934 1425 1119 1491 Mas'era
1140 1466 1152 1487 ‚
1186 1426 1288 1476 cas-

17 1500 137 1543 trum
168 1492 488 1559 oppidumque
522 1497 570 1541 in
601 1495 715 1542 tribu
747 1494 909 1541 Ruben
929 1493 995 1542 'ab
1022 1493 1213 1542 Herode
1234 1497 1286 1542 in

17 1577 129 1626 rupe
144 1562 395 1607 munitum:
417 1560 479 1608 ibi
496 1559 626 1608 caesus
637 1560 841 1613 „loannes
861 1561 1077 1625 Baptista.
1111 1559 1286 1609 Plinius

9 1625 81 1687 lV,
113 1634 170 1674 16
190 1665 201 1686 ‚
228 1624 703 1692 Machaerusficunda
721 1625 943 1693 quondam
963 1643 1047 1676 arx
1069 1624 1246 1677 Jua‘aeae
1267 1638 1289 1691 ,'

18 1692 73 1741 ab
110 1692 438 1760 Hierofhlymz‘s.
1280 1733 1283 1736 ,

24 1819 26 1821 ¹
80 1757 389 1809 Venumdata.
433 1758 621 1823 Joseph.
647 1759 761 1807 Bell.
785 1758 895 1812 Jud.
914 1758 1009 1809 VII
1026 1797 1039 1819 ‚
1071 1766 1100 1807 6
1123 1799 1135 1819 ,
1168 1777 1215 1806 n.
1239 1765 1283 1807 6.

16 1821 162 1873 Caesar
188 1823 244 1872 ad
271 1824 501 1873 Lucilium
525 1822 707 1873 Bassum
730 1865 742 1886 ,
774 1831 819 1873 &
846 1825 1084 1873 Liberium
1119 1825 1284 1873 Maxi-

8 1907 138 1939 »mum
157 1929 170 1950 ‚
202 1890 368 1942 Judaeae
391 1907 736 1954 procuratorem
764 1890 959 1954 scripsit,
997 1898 1042 1938 ὃς
1061 1890 1157 1951 juffi
1175 1889 1282 1948 ‚sunt

15 1973 201 2004 omnem
220 1955 250 2008 J
255 1955 486 2004 udaeorum
509 1962 674 2003 terram
696 1956 908 2004 vendere.
943 1955 1136 2004 Nullam
1155 1958 1204 2002 in
1226 1956 1281 2002 est

43 2022 167 2069 rbem
190 2020 394 2070 condidit
419 2061 432 2082 ,
466 2023 708 2087 proprium
734 2020 812 2069 fibi
835 2033 997 2087 agrum
1016 2020 1242 2069 reservans
1264 2058 1279 2080 ‚

19 2089 283 2155 octingentis
307 2086 484 2137 tantum
510 2089 732 2136 veteranis
752 2086 1077 2135 Emmauntem
1097 2125 1110 2147 ‚
1140 2086 1280 2136 hodie

45 2171 195 2229 noque
228 2152 479 2214 Emmaus,
516 2153 813 2201 incolendam
845 2152 982 2201 dedit.

73 2220 214 2270 anos
241 2218 467 2270 denarios.
492 2219 683 2286 Joseph.
709 2220 818 2267 ibid.
840 2217 1077 2267 Tributum
1096 2215 1279 2268 Judaeis

12 2283 264 2350 ubicumque
287 2284 555 2352 degentibus
572 2285 744 2335 indixit
762 2324 778 2345 ,
808 2283 857 2335 ὃ*
879 2282 1125 2351 quotannis
1147 2284 1278 2334 binas

39 2346 214 2417 uem'que
251 2350 492 2401 drachmas
527 2352 576 2401 in
607 2350 879 2414 Capitolium
915 2349 1086 2414 inferre
1115 2350 1236 2416 juffit
1259 2386 1276 2410 ,

39 2416 366 2471 uemadmodum
385 2418 434 2467 in
451 2417 656 2480 templum
672 2417 1124 2482 Hierolbiyznitanurn
1146 2416 1277 2478 prius

22 2482 316 2544 :onferebant.
369 2484 497 2532 Idem
521 2484 655 2532 habet
679 2484 775 2531 Dio
799 2482 968 2532 LXVI
991 2521 1002 2542 ‚
1027 2498 1137 2546 pag.
1163 2486 1276 2540 748.

42 2548 148 2611 udaei
182 2564 333 2597 autem
367 2552 540 2615 templo
570 2547 998 2617 Hierosolymitano
1033 2546 1274 2595 dimidium

24 2611 127 2678 icli,
163 2614 363 2667 Gallicae
398 2632 588 2668 monetae
621 2614 785 2666 libram
825 2632 844 2664 1
883 2630 983 2664 cum
1019 2611 1178 2680 affibus
1201 2632 1236 2677 9
1257 2650 1277 2677 ,
