1720 3184
127 299 319 319 -v-u‘-

125 352 177 404 A,
200 352 247 388 U.
269 347 323 390 c,

168 426 280 472 829.

157 507 198 552 J,
229 504 280 547 C.

175 585 259 642 Ι716.

347 159 427 236 76
537 161 931 224 ΑΡΡΕΝΠῙΧ
988 179 1467 223 CHRONOLOGI

347 261 522 323 elatus
546 310 563 336 ‚
591 262 680 323 vel
705 259 960 321 Orientis
983 259 1246 322 societate
1271 264 1450 323 audax
1472 309 1489 335 ‚
1518 258 1632 321 for-⁴

349 368 546 407 tunam
600 345 956 429 praesumeret
980 393 997 419 ,
1043 344 1302 425 adversus
1354 350 1630 406 Sarmatas

349 429 538 490 missus
573 432 685 501 est,
731 452 797 488 ex
841 427 964 511 quis
1009 429 1197 512 gloriae
1234 428 1351 510 spes
1380 478 1396 502 ‚
1443 429 1629 489 nullus

348 536 625 573 novarum
650 536 837 572 rerum
862 535 1062 573 metus,
1081 515 1319 596 Recepit
1338 512 1488 596 figna
1501 514 1630 574 ante

346 619 507 681 capta
526 645 543 670 ‚
574 598 864 678 victorque
890 598 949 655 in
976 597 1202 657 Urbem
1229 597 1414 657 rediit.

425 684 697 740 INTERIM
729 680 839 741 visa
867 681 990 740 Titi
1021 682 1193 740 virtus
1224 679 1634 764 elanguescere:

337 766 483 826 Otia
500 786 693 825 tamen
708 763 941 824 fallebat
956 764 1144 823 studiis
1162 788 1178 842 3
1204 773 1260 825 &
1279 765 1350 824 de
1364 765 1628 839 Acontia,

335 873 461 931 quae
484 849 590 908 hoc
614 872 764 907 anno
788 849 1071 932 apparuit,
1094 847 1354 931 praeclaro
1379 849 1628 909 carmine

334 932 663 1018 perscripsit.
700 932 781 992 At
812 934 923 991 haec
952 932 1162 992 leviora
1203 931 1462 993 adversus
1508 933 1630 991 ani-

334 1040 503 1079 mum
521 1017 828 1098 juventutis
856 1014 1077 1076 fervore
1094 1064 1110 1088 ‚
1135 1025 1190 1076 &
1214 1040 1371 1075 novae
1391 1014 1628 1075 fortunae

337 1100 573 1162 licentia
616 1103 951 1160 aestuantem.
989 1104 1152 1160 Parta
1189 1100 1427 1182 quidem
1467 1099 1629 1160 bellis

338 1185 522 1268 gloria
544 1184 642 1244 diu
663 1184 771 1244 fuit
794 1183 1155 1268 gliscentibus
1179 1185 1327 1244 vitiis
1347 1183 1626 1245 velamen.

338 1273 587 1351 Erupere
618 1269 851 1329 tandem
882 1268 1011 1327 luxu
1034 1316 1050 1340 ‚
1098 1267 1336 1327 libidine
1365 1317 1382 1341 ‚
1424 1277 1481 1328 δε
1520 1269 1627 1326 im-

338 1353 652 1436 potentiori
676 1354 734 1411 in
767 1352 886 1411 dies
914 1374 1108 1411 amore
1133 1353 1428 1412 Berenices
1450 1399 1466 1425 ,
1506 1373 1627 1433 quae

338 1461 459 1498 non
490 1437 668 1496 modo
693 1439 944 1496 Romam
977 1457 1209 1495 venerat
1238 1485 1253 1507 ,
1292 1445 1349 1496 &
1379 1436 1437 1494 in
1473 1434 1626 1518 pala-

340 1523 486 1581 tium
506 1519 690 1580 fuerat
711 1541 951 1602 recepta,
968 1518 1065 1581 sed
1082 1528 1138 1579 ὃς
1158 1520 1211 1580 ei
1223 1521 1389 1579 Titus
1408 1520 1627 1601 nuptias

338 1605 623 1693 pollicitus
673 1603 973 1665 ferebatur.
1055 1604 1208 1663 Urbs
1239 1651 1256 1676 ,
1325 1603 1628 1662 barbarum

339 1687 769 1756 dedecusexosa
786 1737 802 1762 ,
827 1686 1125 1748 verebatur
1145 1687 1326 1746 adhuc
1346 1710 1418 1747 ne
1443 1709 1626 1748 cetera

337 1772 679 1835 Neronianae
697 1772 830 1832 aulae
847 1771 995 1831 mala
1011 1771 1278 1831 redirent.
1293 1773 1451 1836 Tum
1470 1773 1627 1833 enim

338 1859 507 1918 Titus
543 1856 616 1915 ad
648 1856 903 1917 mediam
932 1860 1162 1915 noctem
1199 1855 1626 1915 comessationes

340 1964 474 2002 cum
498 1939 866 2024 profusissimo
888 1963 1116 2021 quoque
1143 1937 1510 1998 familiarium
1536 1962 1626 1999 ex-

339 2025 614 2085 tendebat
638 2048 655 2103 3
691 2025 838 2084 inter
862 2023 1216 2084 exoletorum
1235 2031 1292 2083 ὃς
1313 2022 1625 2106 spadonum

341 2132 539 2193 greges
563 2106 845 2190 frequens,
887 2107 1055 2166 For-:da
1076 2129 1304 2188 quoque
1327 2108 1627 2190 rapacitate

341 2192 626 2252 constabat
686 2215 820 2252 eum
868 2191 928 2248 in
981 2190 1399 2272 cognitionibus
1454 2193 1625 2273 patris

339 2274 645 2341 nundinari
695 2274 1081 2356 praemiarique
1131 2272 1377 2333 solitum.
1445 2274 1627 2336 Invisa

341 2368 401 2420 δε
443 2358 646 2417 saevitia
688 2406 703 2431 ,
763 2357 896 2417 cum
932 2357 1244 2441 suspectum
1289 2380 1577 2440 quemque
1602 2385 1625 2432 ‚¹

340 2452 401 2504 &
438 2442 755 2525 oppositum
788 2441 922 2512 fibi,
960 2441 1236 2502 violenter
1259 2443 1621 2525 opprimeret.

382 2529 532 2586 HA-:c
554 2526 613 2584 in
629 2534 805 2608 majus
822 2524 1144 2586 ferebantur
1163 2574 1179 2598 ,
1202 2525 1293 2585 vel
1312 2525 1434 2609 ipfis
1454 2528 1623 2609 patris

344 2610 644 2685 §virtutibus
664 2658 682 2686 ‚
712 2610 809 2695 qui
831 2633 935 2673 nec
960 2609 1268 2694 suspicione
1285 2657 1303 2687 ,
1329 2633 1430 2673 nec
1463 2632 1622 2677 metu
