1720 3184
361 153 472 207 182
560 147 958 210 APPEme
1019 162 1502 215 CHRONOLod

141 266 337 299 ezr-..-
357 247 787 333 pluviarumque
812 247 959 310 casus
980 297 996 323 ‚
1027 250 1303 313 deformis
1330 278 1391 312 ac
1415 249 1646 314 turbida.

137 323 193 365 A.
214 329 263 368 U·
286 330 335 372 C,
358 356 633 414 umquam
664 335 861 393 flueret
883 381 900 406 ,
940 334 1142 395 omisso
1170 338 1404 398 flumine
1424 387 1441 412 ,
1482 361 1646 422 repe-

182 395 297 515 {352-
360 420 464 477 tita
488 420 562 478 est
590 440 655 477 ex
685 417 807 476 lacu
833 464 850 490 ‚
894 419 1045 479 unde
1077 442 1175 501 per
1206 424 1495 488 montium
1519 423 1644 483 saxa
1703 424 1706 427 ’

169 502 257 602 «1:23
295 503 306 516 ’
358 511 417 563 &
435 524 743 560 nemorum
766 524 967 584 opaca,
990 504 1133 562 adeb
1153 502 1362 588 frigida
1384 516 1441 567 &
1465 505 1648 589 splen-

267 573 284 592 ⁰
356 585 493 646 dida
537 587 598 644 in
649 585 873 645 Urbem
923 589 1182 669 pervenit
1220 637 1237 661 ,
1299 611 1360 649 ut
1414 590 1644 650 dotibus

355 691 599 751 aequaret
625 671 939 743 Marciam,
966 671 1124 752 copia
1145 671 1443 756 superaret.
1486 676 1650 733 Tan-

358 776 527 836 taque
560 752 669 813 fuit
697 752 1019 814 sollicitudo
1050 780 1123 816 ne
1164 780 1440 839 umquam
1476 756 1650 817 senti-

2 849 9 892 l
359 860 512 898 retur
529 861 801 919 aquarum
816 840 1008 922 inopia
1021 887 1037 911 ,
1059 862 1120 899 ut
1136 862 1233 921 per
1252 865 1452 901 omnes
1472 842 1647 901 Urbis

360 945 542 1007 partes
571 923 718 981 lacus
742 943 860 981 tam
886 925 1021 982 novi
1044 925 1216 1005 quam
1241 948 1458 985 veteres
1482 926 1654 1008 pleri«

361 1030 473 1090 que
509 1007 672 1066 binos
707 1006 963 1066 salientes
995 1007 1340 1068 diversarum
1372 1032 1650 1090 aquarum
1719 1018 1720 1023 ’

361 1091 710 1175 acceperint,
734 1090 1071 1173 alteriusque
1097 1093 1288 1175 copia,
1316 1093 1354 1152 fi
1385 1093 1654 1154 alteruter

4 1194 11 1235 l
67 1210 79 1211 ff
359 1176 628 1238 deficeret
650 1224 666 1248 ‚
701 1175 926 1235 abunde
954 1174 1247 1237 sufficeret.
1292 1179 1380 1238 Ne
1404 1200 1651 1261 pereun-

361 1261 510 1322 tibus
536 1260 774 1342 quidem
798 1260 955 1341 aquis
981 1259 1074 1320 sua
1099 1259 1284 1321 defuit
1308 1262 1534 1322 utilitas,
1578 1262 1652 1321 Iis

362 1347 520 1408 enim
540 1354 598 1406 &
620 1345 1116 1405 immunditiarum
1142 1344 1311 1405 facies
1333 1395 1351 1420 ,
1380 1355 1438 1407 &
1464 1341 1652 1429 impuss

6 1460 12 1489 l
363 1431 476 1488 rior
492 1428 731 1513 spiritus,
750 1438 806 1489 δέ
824 1428 991 1488 causae
1013 1430 1280 1512 gravioris
1296 1430 1432 1503 eceli,
1447 1431 1655 1512 quibus

366 1537 458 1576 aer
483 1514 613 1573 ante
637 1511 746 1574 fuit
769 1512 1000 1573 infamis
1023 1563 1039 1586 ,
1076 1512 1201 1573 sunt
1226 1536 1474 1575 remotae.

447 1602 562 1659 HA
579 1621 618 1656 N
646 1622 678 1656 c
742 1598 918 1658 Urbis
975 1597 1362 1658 salubritatem
1424 1595 1654 1679 ejusque

362 1682 675 1744 commoda
695 1682 1042 1767 ampliabant
1055 1683 1368 1764 Pomptinae
1387 1681 1651 1766 paludeS,
1717 1746 1720 1753 ¹

362 1790 605 1850 quarum
633 1789 755 1851 pars
783 1790 991 1848 magna
1015 1776 1130 1846 jam
1162 1766 1386 1838 (iccata,
1413 1790 1517 1826 nec
1539 1764 1653 1827 fru-

364 1875 504 1933 gum
548 1850 773 1911 tantum
816 1849 1069 1910 faecunda
1101 1899 1119 1924 ,
1171 1849 1268 1910 sed
1317 1857 1376 1909 &
1422 1851 1610 1932 pervia
1634 1897 1654 1921 ‚

364 1934 526 1997 strata
556 1935 703 1995 silice
729 1934 919 2018 Appia
948 1934 1036 1993 via
1057 1984 1072 2007 ‚
1104 1958 1225 2016 quae
1254 1933 1414 1992 novis
1443 1934 1503 1991 in
1532 1933 1656 1992 dies
1715 1935 1720 1988 2

363 2017 791 2102 magnificisque
820 2018 1082 2104 operibus
1110 2017 1497 2078 exornabatur.
1548 2020 1654 2076 Par
1712 2042 1720 2074 ε

365 2127 465 2187 per
489 2105 802 2187 provincias
834 2128 895 2163 ac
930 2104 1175 2163 maxime
1204 2104 1263 2161 in
1287 2100 1614 2184 Hispaniam
1632 2148 1653 2175 ,
1712 2163 1713 2167 ,

364 2189 606 2272 patriam
632 2196 747 2268 ejus
772 2209 980 2247 terram
1008 2237 1024 2261 ‚
1067 2187 1472 2246 munificentia.

450 2271 543 2332 AT
566 2272 679 2331 haec
703 2271 828 2331 satis
847 2272 1073 2356 vulgata
1093 2321 1109 2345 ‚
1140 2280 1197 2332 &
1220 2269 1528 2330 conditoris
1552 2291 1654 2326 no-
1717 2322 1720 2325 .

368 2356 528 2417 mine
571 2379 632 2414 ac
671 2358 1060 2416 monumentis
1093 2356 1277 2414 adhuc
1315 2353 1653 2438 plerumque

367 2439 649 2500 celebrata
670 2488 686 2514 ‚
711 2439 1034 2521 singillatim
1056 2439 1310 2522 persequi
1328 2437 1478 2497 haud
1498 2436 1652 2508 licet,
1691 2459 1713 2507 l*

367 2523 501 2583 cum
543 2547 643 2583 nos
681 2524 751 2583 acl
793 2532 1008 2605 majora
1037 2534 1095 2585 &
1122 2545 1347 2584 aetatum
1386 2520 1649 2580 omnium
1688 2542 1695 2598 Ιι

368 2607 651 2670 memoria
691 2608 1059 2693 laudibusque
1103 2607 1421 2692 digniffima
1470 2604 1654 2666 trahat
1688 2620 1707 2658 τ’
