1720 3184
128 266 321 304 ΞΞΞΞΞΞ

72 330 78 335 “
128 322 250 369 Am.
273 329 325 370 C.

174 397 278 450 853·

159 470 289 514 J.(L

172 547 285 586 100.

349 171 462 227 140
526 144 948 212 *APPENnrx
999 165 1481 212 cHRoNoLoGss

341 253 490 314 lam:
515 276 582 315 eo
603 252 833 313 sedente
852 300 868 323 ,
893 250 1006 335 ipse
1023 299 1039 324 ‚
1064 254 1398 333 Imperator,
1425 248 1630 327 Caesar}

343 339 622 422 Augustus
645 385 660 409 ‚
686 333 947 396 Pontifex
972 337 1248 394 maximus
1271 383 1289 408 ,
1323 338 1469 396 stetit
1498 356 1632 397 ante:

346 431 463 505 ejus
483 422 795 504 gremium:
817 441 1097 501 praeeunte
1123 418 1346 479 consule
1364 468 1380 492 ,
1404 421 1629 502 juravit,

345 505 710 589 expreffitque
748 504 919 564 verba
942 553 958 576 ‚
1006 503 1208 585 quibus
1238 524 1401 586 caput
1428 502 1590 563 suum
1611 550 1631 576 ,

343 591 588 650 domum
614 588 770 648 suam
791 637 805 661 ‚
832 587 869 646 fi
898 587 1134 648 scienter
1160 586 1443 647 fefellisset
1461 636 1477 659 ,
1500 588 1641 648 deo«

342 697 471 733 rum
497 674 586 731 irae
614 671 977 732 consecraret.
1026 672 1183 731 Dein
1215 671 1347 730 cum
1375 671 1635 748 consulas

344 780 470 819 tum
496 758 664 817 iniret
691 757 960 817 Kalendis
986 756 1261 819 Januariis
1285 803 1301 826 ,
1337 756 1493 814 nullo
1518 763 1637 837 jam·

346 863 627 926 praeeunte
652 889 668 914 ‚
707 842 766 899 in
799 843 978 900 rostris
1013 839 1181 898 fimili
1210 838 1485 921 religione
1523 838 1639 923 ipse

348 926 406 987 se
452 927 670 1009 legibus
701 924 975 1005 subjecit:
1015 948 1148 982 mox
1186 924 1353 982 tertio
1388 924 1517 983 Idus
1544 926 1644 988 Ja-

348 1012 568 1073 nuarias
605 1059 621 1082 ,
676 1009 808 1069 cum
860 1030 991 1068 vota
1034 1029 1492 1087 nuncuparentur
1539 1031 1645 1093 pro
1691 1022 1694 1027 ‘

351 1096 661 1156 aeternitate
709 1094 936 1176 imperii
958 1143 974 1167 ,
1021 1115 1126 1176 pro
1174 1090 1348 1151 salute
1389 1093 1600 1151 civium
1624 1140 1646 1167 5

352 1200 454 1265 pro
495 1178 667 1239 salute
710 1179 981 1260 Principis
1010 1225 1028 1250 ,
1079 1198 1397 1257 numquam
1436 1176 1651 1237 oblite-

355 1265 530 1325 fanda
553 1263 723 1324 verba
751 1263 1010 1334 addidit,
1046 1260 1134 1321 «fi
1158 1260 1305 1320 bene
1330 1260 1646 1344 rempublia

352 1374 525 1409 mecam
555 1358 612 1409 &
643 1371 709 1408 ex
735 1347 979 1407 utilitate
1008 1346 1273 1405 omnium
1303 1367 1576 1407 rexeron,

449 1435 523 1493 M
544 1455 619 1494 Α]
642 1455 677 1490 o
699 1455 738 1491 R
783 1432 966 1491 adhuc
1010 1429 1153 1490 visus
1175 1476 1193 1502 ,
1236 1428 1369 1489 cum
1418 1430 1652 1492 comitia

361 1518 558 1579 obivit.
605 1516 960 1577 Candidatos
987 1513 1250 1597 exemplo
1277 1514 1374 1573 suo
1398 1515 1524 1576 latis
1550 1516 1660 1575 clo-²

366 1624 555 1665 cuerat
592 1650 610 1676 ‚
666 1623 727 1661 ut
778 1601 1034 1662 senatum
1081 1619 1467 1660 revererentur
1503 1625 1520 1679 3
1581 1624 1659 1661 ne

368 1704 569 1750 eorum
595 1688 771 1746 animi
793 1687 1292 1770 perstringerentur
1311 1684 1658 1768 principatus

365 1771 664 1857 fplendore
690 1820 706 1844 ‚
747 1794 841 1830 eos
883 1770 1066 1830 adhuc
1102 1769 1354 1826 hortatus
1393 1770 1503 1842 est,
1550 1788 1663 1829 aut

364 1886 400 1912 ο)
411 1857 624 1918 senatui
646 1853 1051 1937 supplicarent,
1074 1874 1242 1934 atque
1259 1853 1336 1910 ita
1359 1854 1661 1937 aPrincipe

297 1998 304 2005 ,
365 1941 695 2026 »sperarent
711 1948 954 1999 honores
971 1987 986 2011 ‚
1008 1938 1045 1997 fi
1066 1960 1096 1994 a
1111 1936 1304 1996 senatu
1320 1936 1580 2019 petiisent
1597 1968 1629 1992 ιο
1644 1984 1658 1998 .

370 2029 529 2087 Tum
561 2025 721 2085 anxia
753 2025 804 2083 ei
833 2022 941 2083 fuit
964 2020 1286 2081 sollicitudo
1305 2067 1321 2092 ‚
1364 2042 1425 2080 ut
1451 2019 1487 2080 fi
1519 2021 1663 2104 quid

371 2110 609 2192 usquam
645 2110 763 2192 post
802 2130 887 2168 tot
922 2109 1122 2190 strages
1163 2105 1338 2187 stirpis
1380 2107 1620 2187 antiquae
1643 2133 1668 2186 ,ᾗ

370 2195 410 2254 fi
444 2195 585 2276 quid
627 2192 850 2252 residuae
887 2191 1151 2251 claritatis
1188 2188 1336 2248 foret
1359 2236 1374 2261 ‚
1422 2190 1567 2250 illud
1603 2192 1664 2250 in

369 2277 535 2339 usum
572 2275 890 2358 reipublicae
920 2295 1207 2358 promeret
1232 2322 1248 2346 ,
1289 2273 1666 2356 debitumque·

375 2363 570 2447 generi
597 2361 878 2419 honorem
903 2407 920 2431 ,
964 2360 1053 2420 vel
1087 2380 1394 2439 antequam
1426 2359 1668 2420 debere-

378 2468 469 2507 tur
493 2493 511 2519 ,
550 2441 815 2504 offerret:
866 2467 970 2504 nec
1009 2443 1198 2502 minor
1242 2441 1508 2501 industria
1534 2491 1550 2515 ‚
1605 2463 1670 2504 ut

381 2553 522 2613 quos
547 2528 806 2588 nondum
829 2526 1047 2611 sanguis
1073 2574 1090 2600 ,
1121 2534 1236 2607 jam
1261 2526 1433 2587 virtus
1455 2526 1670 2585 nobili·-

374 2634 590 2679 *caverat
612 2660 630 2690 ‚
674 2633 1161 2698 promoverentur.
1223 2608 1345 2694 Ipse
1386 2631 1507 2675 erat
1545 2610 1702 2689 lau7
