1672 3174
145 152 812 200 'canonoroercA-Nr
855 135 1097 198 NOTAE.
1188 163 1301 219 433

37 235 103 288 ’ᾶα
129 238 289 290 vedere
312 276 329 297 ,
358 235 416 299 fa
455 254 544 286 unct
573 234 750 302 grande
787 253 810 284 e
843 237 995 301 oscura
1034 237 1183 287 ombra
1205 278 1220 299 ,
1263 239 1306 288 la

42 305 174 371 quale
200 304 258 366 fic
291 302 421 351 molto
443 303 635 368 stimma
668 301 726 349 da
756 301 824 367 gli
857 303 1031 352 antichi
1065 304 1273 354 Romani.
1337 328 1384 365 Α,
1405 330 1528 371 QG·

113 368 435 430 Voluptaribus
454 368 706 429 frueretur.
751 369 1022 417 Frueremur
1048 377 1090 418 8<
1118 389 1203 418 nos
1226 411 1238 432 ‚
1280 371 1309 420 fi
1380 404 1489 462 863.

44 455 146 504 quae
175 433 405 501 supersunt
435 433 567 495 hujus
596 435 722 480 navis
741 472 752 493 ‚
785 453 809 483 e
833 438 934 483 lacu
958 437 1310 485 extraherentur.
1373 479 1395 517 J
1438 481 1473 519 C

43 505 168 552 Sana
205 501 352 550 adhuc
389 506 431 546 &
466 498 607 546 ferme
641 501 819 566 integra
850 504 976 550 navis
1009 506 1314 552 materiatura.
1401 510 1408 517 '
1478 505 1490 519 ⁰

42 568 204 635 Ligna
235 567 406 615 tantum
447 566 636 612 induere
674 567 860 631 nigrum
896 568 1028 616 ebeni
1067 571 1270 618 colorem
1299 608 1313 631 ,
1395 556 1500 597 ΠΟ*

46 637 150 684 teste
178 634 253 682 Cl.
279 631 473 681 Marchi.
511 629 634 678 AErei
658 631 772 678 clavi
794 635 960 698 integri
986 633 1084 682 sunt
1106 641 1150 682 &
1170 635 1318 700 splen-

47 701 158 749 didi.
194 698 346 748 Ferrei
369 699 481 746 clavi
506 736 518 757 ,
551 699 630 763 qui
656 698 768 744 olim
790 697 914 746 fuere
937 699 1136 764 digitalis
1161 702 1316 750 craffi-

49 767 217 816 tudinis
241 805 254 823 ‚
294 782 416 812 nunc
437 765 512 810 -vix
541 781 722 829 aequant
749 761 1035 828 scriptorium
1071 769 1316 816 calamum.

48 831 184 881 Adeo
219 850 296 879 eos
326 832 491 879 attrivit
522 830 702 896 rubigo.
756 829 968 878 Aricinus
995 848 1146 879 autem
1169 835 1318 895 lacus,

48 901 98 946 in
126 916 219 966 quo
243 899 324 945 stat
346 899 440 944 haec
467 897 592 943 navis
616 934 628 956 ,
666 897 779 943 olim
807 897 1036 944 Caesarum
1058 936 1070 957 ,
1109 917 1230 947 nunc
1258 902 1320 948 est

48 964 316 1028 Principum
340 961 745 1011 acolumnenfium.
780 961 1136 1012 -Observaverim
1166 964 1320 1030 splen-

51 1031 166 1079 didis
192 1031 278 1078 illis
311 1028 911 1077 Caesarum-oblectamentis
943 1029 1092 1077 adhuc
1129 1034 1322 1081 recreari

49 1095 260 1146 Sinenses
275 1096 591 1160 Imperatores.
605 1093 751 1142 Testis
766 1093 819 1141 F.
832 1095 996 1143 Attiret
1009 1134 1021 1155 ‚
1037 1097 1116 1163 qui
1134 1096 1327 1164 egregie

52 1161 279 1227 descripsit
304 1162 650 1225 Imperator-iam
675 1161 828 1211 villam
861 1161 976 1210 Yw‘n
1005 1165 1131 1227 ming·
1155 1181 1280 1230 yvesz
1302 1202 1321 1224 ,

52 1232 168 1280 inter
201 1227 466 1294 magnificas
508 1227 669 1274 multas
708 1245 842 1274 naves
871 1266 883 1287 ,
919 1245 1033 1294 quas
1071 1229 1132 1276 ibi
1174 1230 1320 1292 vidit,

52 1314 195 1344 unam
242 1310 466 1341 memorat
513 1294 704 1357 longam
755 1293 968 1341 tredecim
1020 1295 1278 1360 hexapedas
1305 1335 1320 1357 ‚

55 1364 196 1412 latam
226 1378 421 1430 quatuor
439 1398 453 1421 ‚
488 1362 562 1407 cui
592 1359 783 1425 superba
813 1359 976 1408 domus
1006 1362 1066 1409 est
1094 1362 1322 1428 imposita.

121 1491 195 1542 M.
222 1488 420 1542 VELLIO
456 1490 704 1540 BOLANO.
745 1490 930 1540 Horum
961 1491 1197 1541 consulum
1233 1513 1327 1542 no-
1351 1521 1543 1556 Ξ

44 1563 184 1611 mina
229 1558 363 1606 habet
409 1574 532 1605 vetus
576 1555 813 1622 Inscriptio
864 1559 985 1623 apud
1030 1559 1279 1609 Gruterum
1306 1600 1321 1622 ‚
1353 1579 1401 1619 Α,
1418 1581 1468 1618 υ,
1487 1580 1544 1621 c,

56 1644 167 1694 pag.
199 1632 284 1687 163
317 1664 330 1683 ‚
374 1642 500 1671 num.
526 1643 571 1681 7.
623 1625 679 1670 Iis
722 1623 891 1672 sul-'festi
926 1625 1049 1674 fuere
1087 1626 1146 1675 C.
1177 1627 1322 1677 Ursus
1398 1655 1481 1707 354

57 1694 301 1742 Servianus
323 1691 365 1737 Π
389 1696 431 1737 &
457 1691 514 1737 L.
536 1687 701 1737 Fabius
722 1690 871 1742 Justus
896 1729 910 1751 ‚
947 1709 993 1740 ut
1016 1692 1167 1741 videre
1187 1696 1249 1742 est
1274 1697 1322 1743 in
1438 1691 1442 1694 ⁴
1488 1685 1502 1698 ⁰

57 1760 147 1808 ali-3.
179 1758 317 1805 veteri
338 1754 636 1821 Inscriptione
661 1757 784 1821 apud
809 1757 1021 1807 eumdem
1046 1758 1294 1809 Gruterum
1310 1800 1323 1822 ,
1389 1735 1425 1774 J'
1453 1735 1505 1774 C'

61 1841 171 1892 pag.
198 1841 286 1879 190
308 1861 319 1881 ‚
348 1840 475 1869 num.
504 1838 523 1881 ς
559 1829 601 1869 &
631 1829 673 1868 6.
1406 1817 1513 1858 ¹¹¹⁹

128 1887 534 1947 Amphirhearrum.
571 1887 800 1952 Magnum
833 1885 959 1936 fuisse
995 1890 1107 1938 illud
1140 1891 1328 1958 amphi-

62 1956 285 2006 theatrum
316 1951 451 1999 docet
476 1950 717 1998 Pausanias
738 1989 750 2009 ,
782 1952 857 2010 V,
894 1971 967 2000 12.

133 2016 444 2081 Thermafiyue.
468 2014 613 2063 Fuere
635 2018 681 2063 in
708 2017 792 2063 ΙΙΙ.
811 2016 953 2066 Urbis
980 2021 1169 2085 regione
1188 2059 1200 2080 ,
1226 2023 1333 2069 teste

65 2087 119 2136 P.
142 2085 334 2134 Victore
360 2121 371 2142 ‚
399 2083 454 2129 de
478 2082 595 2146 Reg.
619 2082 738 2132 Urb.
766 2082 981 2132 Mulieres
1012 2088 1059 2132 in
1089 2089 1141 2134 iis
1178 2086 1330 2134 lavisse

66 2154 200 2201 docet
230 2146 315 2197 ΜΓ.
336 2148 498 2196 Codex
527 2148 899 2198 Vindobonensis
922 2189 933 2209 ‚
964 2169 1102 2216 quem
1128 2152 1245 2199 edidi
1281 2154 1330 2200 in

67 2219 207 2268 Notis
246 2221 290 2262 ὃς
332 2213 737 2262 Emendationibus
778 2215 835 2262 ad
875 2216 1068 2284 Dialog.
1107 2218 1162 2266 de
1196 2218 1332 2267 Orat.

69 2303 173 2350 cap.
213 2300 284 2339 17.
312 2283 357 2328 in
383 2283 535 2346 priore
553 2279 704 2328 Taciti
726 2280 941 2330 editione.

137 2346 378 2408 Complura
403 2362 699 2395 monumenta.
734 2345 1038 2414 Gymnasium
1070 2351 1333 2399 exercendis

69 2414 339 2480 corporibus
359 2452 370 2472 ,
397 2411 562 2459 odeum
590 2412 765 2460 musicis
797 2417 1209 2465 concertationibus
1228 2455 1239 2476 ‚
1275 2418 1333 2464 ab

71 2479 369 2546 Apollodoro
399 2480 562 2526 strufta
587 2480 921 2527 memoratDio
936 2479 1103 2528 LXIX
1119 2520 1130 2539 ,
1157 2501 1203 2546 p.
1224 2487 1337 2538 789.

70 2545 265 2607 Traiani
296 2547 523 2609 porticum
556 2548 603 2592 in
634 2561 800 2608 campo
834 2545 1005 2594 Martio
1043 2547 1241 2596 recenset
1280 2548 1332 2596 P.

71 2611 281 2729 [Vic'fltorf
306 2609 359 2658 de
380 2609 658 2728 &gi-ortibus
683 2610 818 2662 Urbis
836 2649 854 2674 ,
886 2612 1002 2680 Reg.
1021 2610 1336 2727 IX'EFHipr

277 2693 361 2730 om.
447 2715 461 2731 ο
1136 2732 1139 2733 ⁷
