1720 3184
358 103 1038 200 ΤιτιΑ-ῐᾼτικευες.ἶ
1230 154 1427 216 133¹.

55 233 424 324 Vespafianus
471 265 483 299 ι
543 236 835 323 probrosus
890 239 1138 319 Vejento
1208 261 1338 297 cum

63 326 250 386 Nerva
286 324 519 383 cenabat
544 370 560 394 ‚
603 344 770 403 atque
801 321 973 381 etiam
999 323 1055 380 in
1081 327 1195 402 ejus
1221 321 1340 381 finu

2 450 9 455 -
65 406 449 467 recumbebat.
502 408 727 487 Nempe
760 405 897 464 boni
924 405 1341 485 venerandique

67 490 221 550 senes
264 489 464 549 sensim
509 498 566 548 δε
605 489 807 548 leniter
848 489 982 548 vitia·
1024 488 1148 547 tolli
1194 485 1346 571 poffe
1404 512 1406 514 ’

63 573 446 634 confidebant.
491 573 571 631 At
599 574 872 652 Trajanus
897 619 914 644 ,
958 593 1019 631 ut
1048 572 1214 632 viridi
1241 571 1347 631 ad—

69 657 177 717 huc
214 678 370 717 aetate
394 705 411 730 ,
451 656 530 715 ita
566 664 625 716 &
665 655 1067 716 valentioribus
1111 655 1351 716 consiliis

69 739 192 801 usus
220 788 236 814 ‚
277 740 609 821 summaque
643 740 791 800 mala
826 740 1089 800 extremis
1129 740 1356 800 tantum

72 825 336 885 remediis
372 826 547 885 curari
585 845 765 884 certus
787 872 804 897 ,
845 825 1054 906 pestem
1081 823 1223 882 hanc
1250 846 1351 905 pe—

70 909 218 969 nitus
239 905 515 968 sublatam
535 907 908 989 exscisamque
930 906 1126 966 voluit.
1151 908 1354 971 Provi÷

72 991 144 1051 da
160 1015 294 1075 ergo
319 991 609 1053 severitate
632 993 859 1076 agmina
883 991 979 1050 illa
1000 990 1356 1067 delatorum,⁸

73 1076 173 1158 qui
194 1077 505 1159 templum,
538 1077 635 1158 qui
659 1076 850 1137 forum
876 1074 1193 1135 insederant
1211 1124 1230 1149 ,
1250 1078 1352 1159 qui

73 1160 577 1221 honestiffimorum
603 1162 810 1222 civium
835 1209 851 1234 ,
888 1160 1132 1219 maxime
1155 1182 1354 1243 poten*

76 1244 407 1304 tiffimorum
429 1293 446 1319 ,
492 1247 734 1305 incertos
763 1248 923 1304 status
946 1242 1196 1306 fecerant
1219 1292 1236 1319 ,
1259 1266 1356 1305 eos

74 1326 313 1388 fortunis
340 1353 401 1388 ac
427 1330 721 1413 penatibus
747 1328 1177 1389 deturbaverant
1199 1378 1214 1404 ‚
1255 1329 1357 1411 qui

76 1410 373 1473 fundatam
433 1414 650 1496 legibus
749 1415 1036 1475 civitatem
1107 1435 1192 1473 tot
1257 1413 1356 1472 ab·-

79 1495 210 1555 hinc
244 1497 401 1557 annis
432 1497 824 1558 subvertebant
844 1547 860 1571 ,
897 1498 1147 1579 undique
1166 1502 1356 1556 costra

78 1578 240 1639 sunt:
281 1582 524 1662 congesti
551 1582 610 1640 in
642 1583 863 1664 navigia
888 1583 1093 1664 raptim
1124 1582 1358 1662 conqui=

83 1661 180 1722 fita
199 1711 215 1736 ‚
244 1688 305 1723 ac
331 1665 746 1746 tempestatibus
778 1666 995 1737 dediti,
1021 1687 1081 1725 ut
1104 1687 1200 1746 per
1221 1688 1359 1725 ven-

86 1768 275 1808 torum
301 1748 540 1807 ludibria
562 1751 709 1810 irent
730 1798 746 1823 ,
780 1749 1014 1833 scopulis
1041 1749 1363 1832 adfigeren—

17 1884 21 1890 χ
86 1852 176 1890 tur
199 1879 216 1904 ,
256 1854 348 1891 aut
371 1834 430 1890 in
453 1833 755 1893 insularum
781 1833 966 1917 aspera
990 1834 1362 1894 detruderen-

87 1937 177 1974 tur
200 1963 216 1987 ‚
255 1917 455 1995 quibus
489 1917 640 2000 pulsa
667 1927 724 1978 δε
751 1919 910 2001 inops
941 1918 1111 1976 virtus
1143 1918 1364 1978 tamdiu

88 1999 464 2080 ingemuerat.
494 2002 692 2081 Neque
710 2002 769 2058 in
791 2003 891 2059 hac
915 1999 1204 2060 severitate
1229 2001 1368 2060 defi-

94 2081 285 2141 derata·
329 2084 595 2164 Principis
638 2083 940 2144 clementia
966 2130 981 2155 ,
1029 2105 1148 2164 quae
1191 2084 1368 2143 vitam

93 2166 446 2248 permitteret
481 2168 806 2227 hominibus
854 2187 1011 2228 tanto
1052 2166 1317 2250 sanguine
1350 2215 1370 2241 ,

90 2270 194 2308 tot>
219 2249 455 2310 caedibus
499 2252 908 2312 contaminatis.
971 2251 1056 2309 At
1092 2249 1367 2333 sapienter

95 2332 376 2416 provisum
420 2357 481 2394 ut
531 2334 873 2396 exsecrabilis
923 2358 1120 2394 eorum
1171 2333 1325 2393 furor
1349 2381 1367 2405 ‚

95 2416 255 2476 mille
292 2441 582 2499 poenarum
618 2420 884 2503 indagine
924 2416 1162 2478 inclusus
1191 2465 1206 2488 ‚
1251 2441 1369 2477 non

95 2499 160 2558 in
186 2501 410 2582 praesens
434 2504 683 2579 tantum,
703 2503 800 2566 sed
822 2507 885 2567 in-
906 2524 1174 2565 aeternum
1198 2501 1370 2586 repri-¹

102 2603 365 2647 metetur.

1358 252 1553 317 Ξ

1356 313 1405 353 Α.
1428 314 1477 350 U.
1497 312 1558 354 C«

1402 382 1424 424 8
1435 388 1512 433 523·

1393 454 1431 493 J'·
1463 449 1518 494 C}

1421 532 1503 578 925
